2788 4713
357 271 504 366 ⁴142
1173 261 1266 326 m
1301 257 1535 325 ACTA
1568 257 1862 324 nosr.

391 409 740 488 stridorem,
774 407 944 490 quasi
981 404 1279 469 violentus
1317 406 1475 501 ignis
1510 407 1573 468 in
1625 405 1919 467 flammam
1984 403 2260 497 erumpit.
2346 401 2453 464 Sic
2484 401 2663 466 verbi

392 490 512 552 Dei
546 487 750 550 auditu
787 503 1028 547 necesse
1068 495 1158 545 est
1193 481 1350 546 affici
1392 483 1679 564 reprobos
1718 500 1959 558 omnes,
2008 482 2223 562 quibus
2260 480 2510 563 imperat
2548 479 2663 542 Sa·-

389 577 513 627 tan.
587 563 788 645 Atque
835 561 980 622 baec
1016 560 1320 644 Evangelii
1366 561 1635 622 conditio
1686 570 1809 636 est,
1869 570 1938 618 ut
1972 557 2340 641 hypocritas,
2378 557 2482 638 qui
2520 578 2661 618 mo-

393 643 546 704 desti
583 643 746 726 prius
781 637 970 700 videri
1006 648 1322 719 poteraut,
1369 637 1443 696 ad
1482 636 1763 696 insaniam
1802 633 1895 696 ad‘
1938 646 2030 713 at,
2112 633 2565 696 uemadmodum
2601 635 2656 695 si

393 721 593 782 ebrius
632 738 902 779 somnum
943 726 1226 797 appetens
1265 724 1514 795 repente
1544 713 1844 773 excitetur.
1956 713 2071 772 deo
2136 731 2209 774 oc
2235 711 2482 774 Christo
2520 723 2655 772 tan-

391 794 896 945 ἓέἰᾶῗῦἰιὲοῗίῗῗῗ
891 789 1316 947 2²⁸333¹²¹N⁵52⁸
1305 789 1651 928 32:235?
1654 809 1891 930 5:135?
1926 786 2657 942 {232222313333323223

391 913 1048 1090 fx³ff.‘÷²⁵;¹.z.52³;³..⁶{;·2
1085 912 1713 1082 &antimius
1730 949 2053 1082 senat..
2072 942 2380 1080 {0332ss
2400 941 2655 1100 seez}

383 1053 554 1182 :ung
593 1103 646 1166 si
683 1100 889 1160 Verbo
929 1109 1279 1181 urgeantur,
1315 1095 1447 1157 fieri
1486 1117 1608 1160 non
1693 1110 1848 1160 otest
1886 1099 2032 1180 quin
2071 1108 2334 1192 emergat
2369 1096 2655 1177 impietas.

385 1183 557 1265 Ergo
595 1175 956 1242 accidentale
994 1186 1083 1235 est
1120 1174 1235 1235 boc
1271 1174 1509 1236 malum.
1607 1118 1717 1237 llis
1764 1187 1965 1236 umen
2002 1173 2282 1255 exemplis
2318 1191 2657 1248 monemur,

385 1260 638 1321 minime
674 1251 1026 1335 sperandum
1068 1270 1215 1328 esse,
1253 1262 1322 1312 ut
1359 1251 1477 1312 Dei
1515 1251 1761 1313 verbum
1800 1271 2005 1313 omnes
2042 1250 2113 1312 ad
2154 1271 2353 1316 sanam
2390 1261 2653 1310 mentem

383 1343 652 1400 revocet.
795 1348 905 1390 uae
944 1328 1212 1390 doctrina
1251 1327 1427 1390 nohis
1467 1327 1537 1388 ad
1577 1329 1967 1390 constantiam
1985 1327 2155 1390 valde
2191 1326 2517 1390 necessaria
2548 1338 2655 1388 est.

389 1413 522 1492 Qui
559 1409 750 1470 docen
797 1407 816 1465 i
857 1425 1069 1466 munus
1103 1405 1426 1480 sustinent,
1474 1404 1727 1467 fideliter
1764 1405 1938 1467 obire
1986 1404 2131 1466 illud
2172 1416 2234 1466 et
2271 1402 2506 1484 exsequi
2545 1423 2653 1464 ne-

388 1497 645 1570 queunt,
707 1483 856 1559 quin
893 1481 1010 1544 Dei
1069 1481 1582 1562 contemptoribus
1643 1483 1859 1544 acriter
1906 1501 1973 1543 se
2022 1492 2347 1574 opponant.
2446 1477 2653 1554 Quum

385 1577 589 1627 autem
645 1579 946 1640 nunquam
1003 1558 1194 1620 desint
1251 1557 1524 1620 scelerati
1584 1557 1887 1636 homines,
1947 1578 1980 1619 a
2020 1559 2231 1638 quibus
2267 1556 2658 1639 vilipenditur

385 1641 508 1702 Dei
549 1637 846 1712 maiestas,
909 1636 1224 1697 decurrere
1281 1636 1354 1695 ad
1405 1635 1573 1696 istam
1612 1635 1899 1718 Stephani
1934 1633 2360 1696 vehementiam
2398 1633 2654 1696 subinde

387 1735 634 1780 necesse
673 1724 778 1775 est.
854 1713 992 1774 Non
1035 1712 1193 1772 enim
1233 1711 1555 1773 connivere
1594 1713 1680 1774 sas
1722 1724 1844 1790 est,
1912 1711 2016 1772 ubi
2052 1713 2189 1773 Deo
2228 1734 2367 1773 suus
2404 1711 2492 1772 eri
2536 1711 2655 1771 itur

386 1795 611 1856 honor.
689 1789 858 1867 Quid
921 1799 1115 1850 autem
1161 1787 1303 1850 inde
1353 1789 1624 1862 eveniet?
1670 1799 1901 1871 'nempe
1948 1790 2131 1886 magis
2188 1789 2486 1850 inflamma
2532 1789 2657 1848 itur

385 1861 676 1954 impietas.
750 1867 842 1928 lta
878 1864 1211 1929 videbimur
1257 1863 1455 1926 oleum
1504 1867 1739 1927 camino
1790 1865 1952 1947 quod
2002 1877 2170 1928 aiunt
2215 1865 2451 1926 addere.
2528 1865 2656 1925 Ve-

386 1969 524 2009 rum
563 1943 842 2028 quicquid
881 1943 1134 2017 accidat,
1181 1945 1306 2003 non
1344 1954 1543 2004 tamen
1583 1944 1779 2024 impiis
1816 1946 2173 2025 parcendum
2214 1954 2333 2010 est.
2376 1939 2483 2004 sed
2524 1940 2653 2002 for-

385 2018 1419 2163 &zzeffffffssssnzsst’taei?
1448 2018 2654 2160 5¹¹2?³3352fflini¹zz³²3.fi{3ffi12223

383 2176 622 2252 volunt,
659 2195 784 2234 non
821 2187 941 2236 tam
980 2173 1273 2253 respicere
1310 2193 1418 2254 pro
1448 2117 1676 2248 ectum?
1700 2194 1872 2254 quam
1903 2173 2153 2255 periculi
2189 2173 2409 2235 timore
2444 2171 2657 2234 molles

389 2273 539 2316 esse.
625 2251 752 2312 Nos
799 2271 944 2314 vero
1001 2261 1182 2309 utcun
1229 2269 1304 2310 ue
1355 2271 1480 2332 non
1528 2269 1762 2333 semper
1808 2251 2167 2331 respondeat
2212 2260 2454 2311 eventus
2499 2250 2654 2311 votis

389 2329 645 2404 nostris,
681 2328 928 2390 sciamus
967 2325 1176 2388 fortitu
1221 2346 1378 2388 inem
1417 2325 1478 2388 in
1530 2327 1839 2390 asserenda
1876 2330 2109 2411 pietatis
2157 2328 2426 2391 doctrina
2470 2327 2657 2389 sacri-

385 2408 590 2470 ficium
629 2405 777 2468 boni
819 2405 1018 2467 odoris
1058 2424 1185 2465 esse
1219 2403 1374 2465 Deo.

546 2490 643 2551 55.
726 2481 920 2565 Qmm
955 2496 1096 2542 essee
1120 2481 1336 2559 plenus
1368 2483 1597 2559 spiriru.
1695 2481 1833 2543 Dici
1880 2481 1975 2545 vix
2024 2492 2223 2563 potest
2261 2481 2495 2563 quantis
2546 2500 2657 2543 an-

505 2562 600 2623 tiis
639 2560 992 2622 constrictus
1030 2559 1210 2619 fuerit
1244 2578 1443 2619 servus
1484 2556 1741 2635 Christi,
1781 2580 1960 2641 quum
1998 2578 2061 2621 se
2100 2560 2363 2640 undique
2402 2559 2657 2621 circum-

432 2651 592 2701 atum
631 2636 861 2699 videret
896 2635 1143 2698 rabiosis
1179 2633 1481 2711 hostibus,
1520 2636 1849 2697 bonitatem
1887 2655 2092 2697 causae
2128 2654 2267 2697 suae
2304 2636 2516 2717 partim
2556 2657 2659 2699 ca-

388 2715 630 2778 lumniis
670 2724 732 2773 et
769 2714 1019 2790 malitia,
1103 2712 1274 2773 artim
1300 2712 1358 2773 >vi
1400 2724 1462 2773 et
1497 2712 1713 2775 insanis
1752 2712 2105 2775 clamoribus
2144 2732 2505 2795 oppressam,
2542 2736 2661 2774 un-

391 2793 575 2876 dique
619 2790 942 2857 truculenti
985 2812 1060 2849 vu
1087 2803 1178 2850 tus
1235 2790 1558 2865 instarent,
1614 2791 1743 2872 ipse
1803 2791 1877 2851 ad
1938 2789 2129 2851 dirum
2184 2800 2247 2849 et
2295 2789 2660 2851 horrendum

389 2868 604 2931 mortis
687 2888 828 2928 enus
867 2866 1230 2941 traheretur,
1291 2887 1577 2946 nusquam
1624 2876 1934 2948 appareret
1981 2866 2303 2929 subsidium
2351 2865 2447 2927 vel
2497 2866 2661 2929 leva-

339 2952 349 2969 ·
390 2963 552 3005 men.
683 2964 792 3025 rgo
831 2942 914 3002 ita
954 2941 1262 3003 destitutus
1301 2942 1603 3003 hominum
1644 2943 1857 3004 auxilio
1896 2942 1968 3003 ad
2006 2944 2202 3003 Deum
2240 2964 2303 3004 se
2342 2945 2661 3012 convertit.

391 3022 534 3081 Hoc
569 3020 764 3099 primo
804 3017 941 3079 loco
990 3018 1318 3079 notandum
1359 3031 1481 3095 est,
1542 3018 1701 3100 quod
1742 3017 2075 3102 Stephanus
2112 3019 2177 3081 in
2214 3020 2423 3081 ultima
2459 3042 2661 3082 rerum

338 3108 350 3165 ¹
390 3096 660 3159 omnium
691 3094 1126 3176 desperatione,
1165 3095 1306 3155 dum
1343 3094 1467 3157 sola
1504 3116 1666 3157 mors
1702 3096 1765 3157 in
1803 3095 1990 3157 oculis
2026 3108 2309 3173 versatur,
2346 3096 2421 3159 ab
2460 3096 2663 3159 homi-

389 3194 536 3235 num
577 3184 640 3233 et
675 3171 880 3232 mundi
921 3170 1137 3232 intuitu
1175 3191 1238 3232 se
1278 3184 1545 3233 avertens
1585 3171 1649 3231 in
1691 3173 1898 3247 deum,
1949 3175 2101 3234 vitae
2154 3184 2215 3235 et
2252 3172 2459 3237 mortis
2497 3174 2663 3235 erbi-

393 3264 575 3324 trum,
613 3248 938 3311 coniecerit
964 3246 1188 3309 oculos.
1226 3247 1463 3309 Deinde
1485 3248 1601 3310 hoc
1624 3248 1793 3310 simul
1818 3250 2169 3329 addendum,
2194 3250 2535 3312 frustratum
2562 3271 2666 3311 ex-

394 3326 765 3408 spectatione
783 3347 886 3387 sua
918 3345 1044 3386 non
1068 3344 1215 3399 esse,
1253 3328 1387 3406 quia
1415 3326 1690 3407 protinus
1727 3323 1815 3386 illi
1840 3326 2107 3389 Christus
2138 3328 2430 3409 apparuit,
2472 3348 2667 3409 quan-

395 3424 573 3485 quam
607 3402 898 3487 significat
933 3402 1120 3463 Lucas
1155 3404 1272 3463 iam
1309 3402 1693 3485 insuperabili
1728 3426 1755 3465 s
1800 3404 1963 3465 iritus
2000 3405 2217 3465 virtute
2256 3403 2435 3467 fuisse
2472 3426 2669 3467 arma-

393 3490 558 3555 tum,
596 3499 674 3541 ne
713 3478 854 3560 quid
893 3478 1198 3541 coelorum
1245 3491 1547 3561 aspectum
1584 3480 1741 3561 impe
1783 3482 1915 3542 iret.
1986 3480 2071 3540 In
2114 3480 2336 3543 coelum
2374 3501 2521 3564 ergo
2564 3503 2669 3544 re-

395 3557 570 3639 spicit
607 3557 712 3617 Ste
759 3557 973 3632 banus,
1031 3568 1099 3617 ut
1139 3554 1360 3619 Christi
1400 3568 1723 3639 conspectu
1761 3557 1946 3619 fretus
1984 3558 2241 3620 animum
2282 3556 2555 3641 colligat,
2593 3580 2664 3622 ac

394 3633 657 3694 moriens
751 3635 932 3694 evicta
981 3643 1176 3693 morte
1223 3633 1528 3716 splendide
1578 3633 1918 3715 triumphet.
2016 3636 2143 3696 Nos
2180 3652 2324 3697 vero
2416 3658 2560 3696 uum
2601 3638 2667 3697 in

395 3722 614 3771 terram
653 3710 895 3770 nimium
934 3710 1102 3771 defixi
1141 3710 1340 3787 simus,
1378 3710 1525 3771 nihil
1560 3710 1776 3771 mirum
1814 3710 1865 3770 si
1902 3730 1967 3771 se
2007 3710 2276 3774 Christus
2312 3733 2395 3773 no
2442 3711 2491 3775 is
2532 3734 2665 3774 non

397 3787 691 3849 ostendat.
788 3786 946 3847 Hinc
987 3788 1054 3847 fit
1110 3798 1180 3848 ut
1230 3808 1354 3849 non
1406 3800 1635 3849 tantum
1684 3785 1747 3847 in
1786 3800 2013 3863 morte,
2050 3788 2153 3849 sed
2192 3789 2267 3849 ad
2306 3788 2667 3850 levissimum

393 3862 2673 4005 ‚23:333512325⁵⁶132⁵„tfflt’sftbz‘izmstftfffzffiffl52:¹523:⁶33?ss

397 4016 584 4111 Atqui
620 4017 868 4099 perinde
909 4018 1024 4079 acsi
1051 4017 1388 4079 „manabis
1427 4016 1702 4098 praesidii
1728 4016 1839 4077 nisi
1878 4018 1939 4080 in
1962 4018 2184 4081 mundo
2210 4020 2389 4095 soret,
2428 3991 2673 4083 cocina}

397 4094 740 4156 omittimus.
780 4094 974 4155 Porro
986 4096 1189 4156 vitium
1217 4094 1332 4155 hoc
1359 4094 1579 4179 corrigi
1598 4091 1768 4156 aliter
1787 4114 1911 4155 non
1932 4108 2153 4177 potest,
2163 4118 2335 4177 quam
2354 4098 2403 4159 si
2423 4116 2535 4157 nos
2548 4096 2675 4157 Dei

396 4170 655 4252 Spiritus
677 4184 880 4233 natura
900 4172 972 4234 ad
1000 4184 1217 4233 terram
1245 4170 1491 4233 inflexos
1520 4192 1743 4233 sursum
1766 4173 1971 4255 erigat.
2028 4172 2237 4256 Itaque
2258 4174 2408 4235 banc
2433 4193 2677 4235 causam

397 4248 653 4331 assignat
687 4250 908 4326 Lucas,
967 4270 1076 4311 cur
1113 4246 1448 4331 Stephanus
1502 4246 1707 4310 oculos
1744 4246 1805 4308 in
1846 4249 2079 4311 coelum
2114 4249 2467 4312 intenderit:
2576 4252 2681 4311 uia

257 4338 266 4351 ·
397 4322 610 4403 plenus
649 4340 773 4388 erat
811 4326 1053 4409 Spiritu.
1139 4326 1278 4387 Hoc
1329 4346 1441 4388 nos
1479 4326 1655 4387 etiam
1696 4324 1993 4387 directore
2032 4336 2097 4386 et
2132 4326 2284 4389 duce
2322 4326 2386 4387 in
2426 4346 2543 4388 coe
2568 4348 2675 4388 um

393 4400 600 4465 animis
636 4406 958 4469 ascendere
993 4414 1260 4490 oportet,
1297 4404 1533 4521 quoties
1568 4403 1735 4467 malis
1772 4420 2072 4487 urgemur.
2144 4390 2225 4465 lt
2262 4414 2429 4465 certe
2465 4404 2679 4467 donec
