2788 4713
443 202 559 267 448
1225 190 1312 252 m
1351 187 1575 251 ACTA
1614 154 1901 253 AposT.

525 362 626 403 um
661 332 856 421 neque
901 334 1056 417 apud
1085 332 1344 395 Iudaeos
1387 351 1584 413 neque
1630 308 1783 413 apud
1828 341 2032 415 gentes
2078 340 2223 393 tunc
2262 330 2503 395 infame
2554 348 2715 397 esset

443 420 464 485 ἰ
511 418 588 479 ud
625 435 863 488 nomen,
896 410 1207 493 probabile
1243 430 1366 471 non
1408 420 1515 485 est,
1552 409 1707 489 apud
1746 406 2057 499 profanum
2076 404 2379 469 bominem
2422 408 2509 470 de
2542 430 2625 471 ea
2654 432 2740 471 re,

445 490 670 557 causam
709 489 846 563 dici,
884 510 1054 569 quam
1090 484 1246 549 laudi
1285 487 1479 566 potius
1518 507 1687 565 quam
1706 484 1851 545 vitio
1878 486 2091 576 passim
2114 483 2436 545 ducebant.
2496 486 2711 561 Quum

445 572 600 631 inter
649 564 1010 631 Christianos
1050 584 1242 625 sermo
1295 574 1415 635 est,
1477 560 1843 622 detestabiles
1892 559 2058 621 iubet
2106 559 2309 621 baberi
2358 560 2709 625 haereticos

445 646 700 728 Spiritus
736 640 880 714 Dei,
933 650 993 699 et
1031 638 1101 699 ab
1158 636 1483 698 haeresibus
1523 636 1839 697 cavendum
1888 656 2013 697 esse
2062 636 2270 709 docet,
2364 638 2470 698 uia
2518 644 2709 719 pesti-

443 722 626 783 feram
663 718 956 780 Ecclesiae
995 714 1427 797 dissipationem
1464 712 1732 775 afferant.
1778 710 1943 795 Ergo
1985 712 2045 772 in
2086 710 2311 792 populo
2416 714 2501 789 ei,
2548 718 2709 776 cuius

441 800 592 861 salus
631 796 696 857 in
731 794 870 855 fidei
907 792 1126 853 unitate
1167 790 1461 863 consistit,
1509 809 1601 849 res
1648 787 1888 848 minime
1927 786 2171 848 ferenda
2208 798 2315 849 est.
2392 790 2531 850 Sed
2580 794 2707 871 quia

443 873 650 940 Iudaei
707 884 850 935 tunc
951 868 1095 930 alam
1144 864 1543 951 gloriabantur
1599 866 1714 925 suis
1759 865 1964 941 sectis,
2022 883 2375 944 supervacua
2430 865 2559 925 ruit
2618 868 2705 927 illa

446 972 616 1032 quam
658 972 736 1010 nu
783 967 846 1007 er
923 946 1121 1005 iximus
1161 944 1469 1005 excusatio.
1516 940 1721 1001 Restat
1758 940 1959 1021 igitur,
1996 940 2093 1000 vel
2127 951 2196 999 ut
2227 961 2289 999 se
2316 940 2705 1003 pharisaeum

443 1048 568 1089 esse
617 1026 740 1087 inte
764 1023 934 1107 ligat,
993 1018 1086 1081 vel
1145 1030 1213 1079 ut
1271 1016 1536 1079 haeresin
1592 1028 1767 1077 vocet
1814 1015 2105 1077 Iudaicam
2156 1014 2560 1099 religionem,
2620 1020 2707 1081 vel

441 1102 664 1183 absque
697 1100 928 1163 sinistra
963 1106 1104 1157 nota
1141 1092 1447 1177 Evangelii
1482 1092 1942 1174 professionem,
1981 1093 2117 1175 quia
2152 1090 2223 1152 ab
2250 1093 2533 1155 omnium
2610 1118 2707 1155 en-

441 1180 588 1245 tium
627 1201 736 1241 usu
772 1188 833 1237 et
871 1170 1290 1236 consuetudine
1329 1170 1631 1229 distinctae
1670 1180 1856 1229 erant.
1937 1168 2193 1243 Quando
2234 1188 2299 1228 se
2328 1167 2512 1259 prius
2616 1174 2702 1232 ba-

440 1257 688 1317 risaeum
738 1250 1036 1314 confessus
1083 1258 1203 1320 est,
1259 1244 1405 1305 nibil
1456 1245 1570 1305 erit
1609 1242 1874 1322 absurdi,
1926 1245 1975 1304 si
2025 1241 2277 1305 dicamus
2326 1244 2499 1305 idem
2550 1270 2705 1309 nunc

441 1344 734 1413 repetere,
773 1324 1110 1411 praesertim
1147 1342 1327 1403 quum
1365 1319 1539 1411 paulo
1580 1330 1717 1399 post
1754 1320 1826 1379 de
1864 1322 2292 1381 resurrectione
2316 1333 2701 1387 mortuorum

441 1406 542 1471 fiat
576 1404 818 1466 mentio.
897 1400 1241 1474 Caeterum,
1295 1418 1429 1477 quia
1466 1395 1717 1475 primum
1757 1395 1870 1457 boc
1894 1408 2084 1488 ‚caput
2118 1396 2575 1479 consessionem
2614 1422 2703 1461 so·

437 1483 558 1555 lum
612 1480 881 1543 continet
929 1474 1001 1537 de
1051 1472 1212 1537 cultu
1249 1471 1366 1535 Dei
1414 1473 1619 1553 patrii,
1676 1470 1815 1531 mihi
1908 1484 2062 1533 otius
2110 1472 2173 1531 in·
2218 1492 2455 1555 genere
2508 1477 2703 1537 notari

437 1558 669 1618 videtur
716 1554 954 1617 Iudaica
1016 1550 1120 1613 reli
1166 1551 1224 1610 io
1315 1548 1411 1611 vel
1463 1569 1609 1629 quae
1672 1547 1810 1608 inde
1858 1494 2083 1609 fluebat
2133 1548 2479 1611 Christiana
2542 1554 2701 1613 fides.

441 1634 740 1695 Romanus
779 1628 914 1695 civis
955 1640 1084 1704 erat
1118 1571 1242 1688 gau
1265 1649 1363 1700 us,
1401 1637 1598 1685 tamen
1636 1634 1703 1683 ut
1740 1623 2021 1685 oriundus
2060 1636 2183 1685 erat
2220 1646 2253 1685 a
2290 1624 2579 1705 Iudaeis,
2620 1630 2701 1689 fa-
2742 1658 2744 1687 ι

441 1722 602 1771 tetur
637 1728 700 1769 se
739 1709 800 1769 in
838 1704 1124 1785 religione
1161 1723 1400 1765 manere
1439 1722 1611 1783 quam
1647 1722 1680 1760 a
1702 1701 1961 1781 patribus
1984 1700 2279 1763 didicerat.
2332 1700 2555 1783 Atque
2596 1705 2703 1767 buc
2742 1696 2744 1781 l

441 1784 700 1869 pertinet
761 1782 1102 1851 adverbium
1159 1777 1577 1841 similitudinis:
1638 1795 1761 1837 rem
1828 1778 1982 1837 enim
2038 1788 2242 1840 notam
2302 1776 2703 1855 demonstrat,

439 1882 654 1943 nempe
693 1859 880 1922 cultus
918 1858 1200 1943 speciem,
1238 1856 1332 1917 cui
1369 1853 1584 1915 addicti
1624 1864 1791 1913 erant
1826 1852 2048 1915 Iudaei.
2122 1852 2240 1913 Dei
2320 1854 2467 1916 atrii
2506 1860 2701 1917 nomi-

435 1940 623 2001 natim
659 1932 1118 2012 meminit2‘quia
1155 1930 1378 1992 bomini
1416 1930 1720 2003 Romano,
1758 1928 1867 1990 nisi
1908 1930 2135 2011 origine
2173 1930 2242 1989 Iu
2284 1950 2429 1991 aeus
2472 1932 2703 2009 fuisset,

437 2014 682 2074 transire
721 2014 793 2075 ad
829 2013 914 2069 Le
960 2012 975 2027 '
1041 2008 1367 2070 doctrinam
1408 2006 1488 2067 fas
1526 2026 1649 2066 non
1700 2018 1842 2067 erat.
1915 2005 2293 2069 Adversas-ios
2332 2008 2523 2069 etiam
2566 2032 2697 2091 per-

437 2084 702 2167 stringit,
739 2109 774 2146 a
811 2030 1021 2175 quiffiis
1059 2098 1178 2144 tam
1217 2082 1529 2143 crudeliter
1566 2082 1896 2163 impetitur,
1946 2104 2121 2164 quum
2172 2094 2368 2143 tamen
2408 2086 2699 2167 utrinque

435 2164 498 2223 in
533 2164 702 2225 unius
739 2162 858 2221 Dei
898 2158 1059 2221 cultu
1097 2158 1487 2220 consentiant.
1560 2158 1715 2245 Ego,
1751 2156 1813 2217 in
1860 2158 1965 2234 uit,
2000 2158 2315 2220 secundum
2370 2182 2621 2222 morem
2668 2186 2695 2224 a
2744 2156 2746 2227 l

437 2238 758 2301 maioribus
808 2238 1080 2299 traditum
1135 2256 1258 2296 non
1316 2255 1483 2296 secus
1539 2255 1606 2297 ac
1663 2236 1773 2315 ipsi
1881 2255 2012 2295 eum
2069 2232 2221 2295 colo.
2296 2234 2440 2297 Nec
2482 2237 2695 2310 obstat,

333 2326 338 2331 “
477 2316 598 2378 uod
638 2337 672 2378 a
709 2314 1055 2378 ceremoniis
1095 2310 1380 2396 legalibus
1420 2308 1759 2391 desciverat,
1786 2324 2211 2392 contentusque
2227 2323 2370 2386 ,erat
2398 2314 2693 2395 spirituali
2747 2360 2748 2400 ¹

435 2338 556 2458 ihi
597 2385 775 2458 cultu.
851 2387 1003 2454 Satis
1044 2390 1201 2452 enim
1239 2387 1418 2452 habet
1453 2387 1666 2450 Paulus
1714 2390 2023 2468 impietatis
2072 2387 2385 2465 maculam,
2442 2413 2603 2472 quae
2638 2395 2693 2452 in
2747 2405 2748 2426 ³

436 2469 626 2551 ipsum
664 2469 809 2530 falso
851 2467 1114 2530 coniecta
1153 2477 1295 2540 erat,
1332 2463 1687 2546 abstergere.
1725 2465 1932 2546 Itaque
1971 2463 2197 2524 ridiculi
2237 2477 2378 2524 sunt
2396 2465 2695 2548 Papistae,

436 2547 537 2627 qui
585 2543 754 2606 Pauli
799 2543 1081 2626 suffragio
1131 2541 1449 2622 quamlibet
1492 2545 1835 2604 vetustatem
1889 2540 2146 2621 probari'
2188 2539 2447 2622 fingunt.
2546 2545 2695 2620 Nos,
2747 2563 2748 2566 ’

431 2622 725 2702 inquiunt,
765 2621 1012 2703 patrium
1052 2619 1246 2680 Deum
1286 2640 1420 2679 cum
1454 2616 1641 2678 Paulo
1682 2618 1961 2693 colimus,
2001 2629 2067 2678 ut
2104 2614 2275 2678 nobis
2316 2623 2693 2682 consuetudo
2746 2615 2748 2654 ²

433 2720 542 2779 per
580 2719 782 2758 manus
821 2709 910 2758 est
946 2696 1182 2757 tradita:
1233 2695 1393 2774 quasi
1431 2713 1572 2754 vero
1621 2693 1712 2755 vel
1750 2695 1771 2754 i
1816 2695 1889 2754 sis
1936 2693 2220 2755 iudicibus
2267 2695 2535 2756 eundem
2578 2697 2697 2778 cly-

1808 2771 1827 2790 Ἴ

435 2796 612 2856 peum
647 2775 868 2847 ,Turcis
918 2783 978 2832 et
1024 2769 1252 2832 Iudaeis
1302 2779 1509 2831 contra
1554 2762 1725 2830 fidem
1834 2769 1998 2832 bristi
2058 2787 2366 2849 opponere
2414 2773 2696 2834 sufficiat.

437 2853 519 2912 At
555 2869 696 2912 vero
739 2845 884 2910 nibil
932 2847 1122 2908 minus
1175 2847 1540 2930 propositum
1578 2843 1632 2905 A
1677 2845 1869 2910 ostolo
1919 2847 2060 2921 fuit,
2112 2865 2283 2926 quam
2332 2845 2697 2930 religionem

433 2927 773 3008 simpliciter
811 2925 872 2985 in
911 2925 1204 3006 maiorum·
1237 2924 1587 2984 auctoritate
1651 2923 1899 2999 undare,
1948 2936 2009 2983 et
2042 2923 2325 3016 pietatem
2362 2945 2537 2984 suam
2594 2949 2695 3006 pa-

433 3002 689 3064 tro'cinio
737 3001 923 3077 tueri,
975 3001 1132 3080 quod
1181 2998 1450 3061 omnibus
1502 2999 1764 3079 gentium
1810 2996 2316 3079 superstitionibus
2367 3020 2695 3062 commune

435 3077 694 3145 futurum
733 3089 882 3138 erat:
921 3081 1148 3136 tantum
1189 3095 1252 3136 os
1287 3075 1406 3135 suis
1446 3076 1780 3136 adversariis
1820 3075 2126 3136 obstruere
2165 3071 2366 3134 voluit.
2440 3076 2699 3140 Interea

437 3174 548 3236 pro
588 3154 857 3215 confesso
897 3151 1192 3226 sumebat,
1230 3161 1444 3232 patres,
1482 3173 1514 3213 a
1552 3150 1761 3230 quibus
1799 3151 2064 3232 prosecta
2105 3161 2229 3212 erat
2264 3147 2499 3212 Iudaica
2539 3155 2699 3214 reli·

419 3233 562 3317 gio,
643 3230 821 3292 robos
862 3242 922 3291 et
960 3247 1266 3312 germanos
1307 3226 1479 3288 fuisse
1518 3227 1633 3286 Dei
1673 3225 1954 3304 cultores,
1993 3241 2059 3288 ut
2098 3227 2224 3288 iure
2262 3225 2507 3306 gloriari
2542 3249 2697 3308 pos-

437 3319 571 3370 sent
597 3251 810 3367 zudaei
848 3327 971 3366 non
1015 3305 1352 3387 degeneres,
1393 3305 1641 3386 patrium
1680 3301 1871 3364 Deum
1911 3323 2085 3385 quem
2124 3303 2403 3366 colebant
2440 3307 2695 3367 unicum

441 3403 565 3459 esse
615 3383 770 3445 co'eli
819 3385 900 3464 et·
924 3393 1114 3441 terrae
1168 3379 1466 3460 opificem,
1524 3381 1772 3464 gentiles
1828 3401 1969 3442 vero
2018 3380 2203 3442 totius
2255 3379 2479 3460 reliqui
2530 3383 2693 3444 orbis

437 3453 580 3520 deos
619 3458 813 3520 inania
853 3479 974 3522 esse
1015 3455 1304 3537 figmenta.

594 3534 840 3596 credens
877 3531 1149 3595 omnibus.
1225 3533 1427 3594 Brevis
1466 3531 1746 3614 expositio
1794 3533 2091 3614 proximae
2137 3531 2509 3594 sententiae:
2564 3557 2693 3596 nam

435 3611 535 3693 qui
609 3633 731 3672 non
771 3611 878 3674 sim
923 3611 1113 3671 liciter
1164 3607 1549 3670 affirmaverat
1594 3630 1657 3670 se
1706 3609 1899 3670 Deum
1948 3608 2173 3684 colere,
2222 3607 2325 3668 sed
2378 3609 2695 3672 addiderat

431 3633 773 3769 pariiculam
804 3695 1016 3766 ὀυτως,
1067 3706 1222 3746 nunc
1264 3686 1467 3746 definit
1514 3684 1812 3765 quomodo
1852 3685 2043 3745 Deum
2093 3686 2267 3747 colat.
2346 3684 2545 3746 Unde
2596 3709 2691 3768 ap-

433 3757 611 3860 pan-,et
639 3755 772 3826 eum
819 3753 1021 3822 sedulo
1059 3753 1306 3838 'cavei-e,
1363 3757 1453 3822 nc‘
1488 3771 1549 3822 se
1598 3756 1962 3837 adventiciis,
2028 3781 2177 3854 quae
2230 3762 2389 3822 iuter
2428 3759 2691 3824 Iudaeos

431 3841 792 3924 r‘eg'n‘ab'au‘t,
845 3823 1359 3922 'superstitionibus
1421 3839 1498 3898 im
1538 3837 1706 3898 licet:
1811 3837 2255 3912 uemadmodurn
2316 3836 2371 3897 si
2434 3838 2693 3919 Papistis

430 3907 609 3978 bodi'e
650 3915 928 3998 quispiam
970 3926 1233 3974 nostrum
1273 3934 1362 3978 res
1409 3935 1487 3975 on
1532 3925 1619 3988 et,
1668 3933 1731 3974 se
1770 3857 1973 3974 ³)eum
2022 3913 2220 3975 colere
2314 3933 2465 3974 uem
2556 3915 2691 3976 rofi·

430 3994 651 4067 teritur,
691 3991 935 4073 qualiter
973 3996 1040 4050 ei
1078 3991 1239 4074 Lege
1279 4003 1338 4051 et
1429 3986 1703 4074 vangelio,
1742 4011 1935 4051 sumus
1987 3989 2199 4050 edocti.
2340 3988 2449 4060 ine
2550 3995 2691 4052 isca-

429 4089 577 4143 mus,
612 4077 738 4128 no‘n
777 4067 892 4130 coli
927 4059 1042 4126 rite
1071 4062 1286 4144 Dentri,
1311 4055 1394 4140 tut
1429 4080 1591 4148 grata
1633 4067 1685 4126 ei
1722 4068 1837 4128 sint
1874 4078 2072 4128 nostra
2111 4062 2422 4156 obsequia,
2468 4067 2587 4128 nisi
2624 4087 2695 4126 ex

429 4143 563 4218 fide,
589 4144 750 4222 ‘quae
782 4140 1024 4211 'u‘nicu‘m
1063 4153 1154 4202 est
1187 4143 1413 4226 pietatis
1450 4135 2147 4234 fundamentumz'neque
2184 4161 2348 4202 enim
2388 4155 2553 4204 utse
2577 4143 2699 4202 Dei

428 4216 656 4278 sei-vum
695 4218 940 4299 probet,
973 4219 1169 4284 ,nudas
1209 4217 1567 4282 ceremonias
1606 4218 1904 4295 obtrudit,
1952 4221 2055 4280 sed
2092 4218 2335 4298 [diserte'
2404 4221 2585 4298 unit,
2638 4241 2701 4280 se

431 4285 686 4384 gredere
765 4293 1058 4373 contine-t·
1087 4299 1387 4376 praeterea
1425 4289 1721 4366 hic'loizus
1748 4293 1961 4384 ‘utilem
1998 4292 2347 4391 doctrinam,
2564 4297 2701 4358 nni·
