2788 4713
1026 295 1033 302 ·
1112 268 1389 334 CAPUT
1427 273 1556 334 XV.
1613 279 1642 296 ““
1879 339 1882 347 ,
2093 369 2099 381 ι
2325 279 2444 342 293

190 416 367 478 sicut·
389 413 571 497 magts
618 411 821 474 idonei
866 425 1036 476 erant
1082 403 1444 508 cognitores.
1522 415 1836 480 Caeterum
1875 416 2152 496 sciamus,
2189 417 2442 484 formam

188 494 290 553 hic
352 505 414 554 et
473 491 743 552 ordinem
802 491 863 550 in
918 492 1197 572 cogendis
1250 493 1506 571 Synodis
1545 493 1814 554 divinitus
1873 497 2219 574 praescribi,
2261 519 2440 578 quum

193 579 400 629 exorta
438 579 527 628 est
564 566 753 645 aliqua
793 569 1225 643 controversia,
1264 565 1428 648 'quae
1475 568 1644 629 aliter
1681 574 1961 651 componi
2007 575 2242 654 nequit,
2301 593 2440 636 nam

194 665 377 724 quum
416 644 586 704 multi
624 643 887 722 quotidie
925 643 1299 726 insurgerent
1334 645 1604 708 adversus
1631 644 1916 718 Paulum,
1965 647 2088 709 sola
2137 649 2280 710 baec
2311 649 2438 711 ‘dis-

194 719 490 801 ceptatio‚
537 740 604 780 ex
643 739 755 798 qua
792 719 1045 802 ingentis
1093 725 1299 781 ruinae
1334 719 1664 802 periculum
1689 721 1987 798 instabat,
2040 734 2100 782 et
2137 745 2284 803 quae
2321 727 2440 787 iam

194 815 507 878 progressa
555 807 680 856 erat
716 815 898 876 usque
938 797 1008 856 ad
1048 796 1287 860 hostiles
1324 818 1587 880 pugnas,
1627 810 1760 858 eum
1797 797 2265 879 Hierosolymam
2303 819 2441 882 per-

195 877 392 934 traxit.
1252 929 1255 936 .
1577 895 1586 904 ·
1663 881 1668 886 “
1725 889 1732 900 ’

354 957 409 1015 7.
490 945 680 1030 Quum
736 962 924 1010 mem
980 961 1197 1025 magius
1250 947 1605 1026 disceptato.
1709 949 1911 1026 Quum
1975 949 2188 1010 delecti
2248 965 2444 1014 essent
2497 975 2504 982 ·

198 1045 405 1108 graves
450 1025 560 1086 viri
619 1035 679 1084 et
723 1024 945 1105 publici
993 1025 1293 1088 Ecclesiae
1358 1027 1665 1101 doctores.
1695 1081 1700 1088 ,
1725 1047 1804 1088 ue
1849 1027 2010 1088 inter
2057 1047 2158 1090 eos
2209 1027 2442 1106 quidem

198 1103 393 1164 statim
441 1101 759 1162 convenire
806 1101 1031 1183 potuit:
1092 1101 1247 1162 unde
1296 1125 1326 1164 a
1413 1115 1569 1177 aret,
1631 1103 1932 1182 quomodo
1979 1102 2094 1163 iam
2141 1115 2284 1164 tune
2334 1125 2445 1184 per

202 1179 501 1240 bominum
550 1177 947 1238 infirmitatem
992 1178 1283 1238 Dominus
1384 1179 1648 1240 eclesiam
1695 1201 1857 1242 suam
1915 1181 2270 1254 exercuerit,
2319 1201 2440 1260 quo

196 1253 496 1315 humiliter
531 1272 733 1333 sapere
772 1253 1040 1314 disceret.
1114 1253 1286 1317 Adde
1322 1255 1484 1334 quod
1524 1257 1584 1317 in
1625 1255 1802 1316 coetu
1835 1253 1977 1330 illo,
2024 1256 2118 1314 cui
2154 1267 2444 1336 praeerat,

198 1353 392 1412 passus
447 1342 536 1390 est
595 1330 753 1390 varie
800 1330 1011 1410 agitari
1058 1332 1436 1421 praecipuum
1486 1332 1792 1393 doctrinae
1841 1329 2204 1393 Christianae
2247 1343 2446 1412 caput,

199 1429 277 1468 ne
315 1407 595 1467 miremur
641 1407 689 1464 si
729 1406 967 1484 quando
1020 1427 1157 1484 pios
1200 1405 1424 1485 alioqui
1471 1419 1530 1466 et
1581 1407 1789 1468 doctos
1839 1406 2116 1468 homines·
2152 1409 2446 1488 imperitia

198 1483 319 1544 labi
354 1485 415 1542 in
458 1499 721 1546 errorem
764 1482 1093 1562 contingat:
1122 1483 1379 1562 -quidam
1420 1485 1574 1544 enim
1625 1484 1820 1544 non-i
1924 1483 2080 1544 >acuti
2119 1496 2315 1558 erant,
2373 1492 2446 1544 ut

198 1559 607 1652 perspicerent
663 1573 871 1616 causae
903 1557 1407 1640 magnitudinem.
1501 1559 1592 1620 Ita
1633 1579 1810 1638 quum
1975 1559 2444 1622 em.servandam

198 1637 492 1708 iudicant,
539 1633 713 1712 Legis
754 1632 895 1694 ‘zelo
942 1633 1375 1696 inconsiderate
1423 1633 1652 1716 abrepti
1703 1655 1831 1698 non
1879 1637 1933 1697 vi
1977 1647 2107 1710 ent,
2153 1636 2214 1696 in
2267 1655 2444 1728 quam

246 1707 1013 1786 refundumjahyrinthum.
1042 1710 1426 1772 conscientias
1471 1711 1716 1772 aliorum
1763 1723 1826 1772 et
1861 1733 1998 1774 -suas
2037 1712 2232 1792 praeci
2276 1723 2446 1774 ttent.

199 1734 727 1850 {lix-cumcisionem
778 1803 900 1844 esse
950 1785 1235 1865 putabant
1278 1799 1582 1848 aeternum
1635 1787 2076 1849 etinvinlahile
2111 1809 2238 1870 sym
2323 1788 2447 1848 lum

98 1897 107 1908 .
202 1862 385 1924 divini
432 1860 713 1921 foederis:
762 1859 969 1928 eadem
1016 1874 1143 1922 erat
1191 1863 1263 1922 de
1302 1875 1440 1925 -tota
1487 1863 1648 1958 Lege
1697 1863 1934 1944 opinio:
1985 1885 2166 1945 quare
2213 1865 2274 1924 in
2326 1863 2448 1926 hoe

198 1939 452 2003 maxime.
485 1938 699 1998 insist-it
732 1937 965 2011 Petrus,
1000 1951 1069 1997 ut
1102 1951 1316 1999 statum
1356 1944 1710 2020 quaestionis
1747 1939 2280 2020 demonstret,.qui
2317 1936 2446 2021 ple-

196 2016 401 2095 risque
440 2023 564 2074 erat
608 2013 959 2095 incognitus.
1041 2015 1151 2077 Est
1196 2027 1393 2078 autem
1443 2016 1967 2080 bimembris-eius
2025 2017 2246 2078 o'ratio:
2309 2038 2446 2078 nam

198 2093 461 2176 primum
508 2109 575 2149 ex
620 2091 969 2152 auctoritate
1014 2091 1135 2152 Dei
1186 2092 1525 2167 contendit,
1563 2103 1872 2171 -uongesse
1909 2093 2200 2176 cogendas
2237 2105 2446 2176 gentes

200 2169 277 2230 ad
314 2166 649 2231 servandam
686 2165 937 2248 Legem:
982 2169 1242 2230 secundo
1283 2167 1420 2230 loco
1459 2171 1660 2246 docet,
1697 2171 1881 2232 everti
1911 2167 2450 2231 totam-bominum

201 2245 479 2318 salutem,
537 2241 586 2302 si
643 2241 881 2321 laqueus
939 2244 1034 2304 hic
1082 2246 1452 2306 conscientiis
1503 2247 1749 2308 iniectus
1800 2244 1997 2306 fuerit.
2082 2247 2258 2306 Prior
2292 2241 2444 2326 ergo

202 2319 435 2403 pars-iu
474 2340 587 2398 qua
618 2323 855 2393 recitat,
889 2340 951 2381 se
987 2320 1267 2383 divinitus
1306 2321 1480 2382 fuisse
1518 2323 1758 2383 missum
1790 2321 1862 2381 ad
1884 2321 2176 2383 docendas
2217 2332 2446 2402 gentes,

202 2408 271 2459 et
306 2397 599 2477 Spiritum·
636 2407 899 2455 sanctum
934 2418 1116 2476 super
1156 2396 1291 2459 ilias.
1320 2396 1621 2477 delapsum
1653 2418 1808 2471 esse,
1865 2396 1982 2457 huc
2019 2408 2268 2476 spectat:
2319 2416 2448 2456 non

200 2478 427 2535 temere
465 2471 536 2533 ab
577 2468 913 2532 bominibus
950 2470 1261 2553 abrogatas
1298 2472 1474 2532 fuisse
1511 2474 1685 2555 [aegis
1725 2474 2118 2549 ceremon-ias,
2167 2473 2271 2533 sed
2320 2472 2446 2531 eius

204 2548 351 2611 abro
396 2548 602 2613 ationis
641 2548 835 2607 Deum
872 2568 997 2607 esse
1036 2559 1351 2609 auctorem.
1429 2548 1550 2608 Ubi
1585 2560 1780 2609 antem
1817 2549 1878 2607 in
1907 2548 2162 2608 medium
2199 2547 2450 2607 adducta

198 2636 301 2687 est
395 2624 449 2685 ei
496 2623 841 2696 auctoritas,
905 2625 1121 2697 omnis.
1146 2634 1422 2703 exempta.
1449 2636 1544 2703 ‘est
1581 2623 1898 2705 dubitatio:
1949 2626 2088 2705 quia
2137 2624 2284 2683 baec
2319 2634 2448 2683 tota

201 2714 409 2763 nostra
442 2700 723 2782 sapientia
760 2710 868 2776 est,
908 2700 1025 2761 Dei
1063 2700 1323 2781 impes-io·
1350 2701 1718 2779 acquiescere
1760 2701 1982 2761 et'eius
2021 2712 2228 2761 nutum
2264 2698 2450 2780 pluris

206 2780 403 2839 facere
443 2798 613 2857 quam
656 2796 857 2837 omnes
908 2777 1185 2836 rationes.
1270 2776 1442 2837 Nunc
1481 2776 1647 2837 Petri
1692 2776 1872 2837 verba
1917 2776 2244 2857 expendere
2297 2794 2448 2835 con..-

204 2856 389 2930 venit,
426 2854 660 2989 ᾳιιὶὴιιί
676 2849 891 2934 probat
926 2852 1199 2915 divinitus
1235 2852 1351 2913 boc
1390 2853 1667 2936 gentibus
1703 2860 1834 2915 esse‘
1869 2853 2088 2929 datum,
2121 2864 2190 2913 ut
2223 2851 2450 2923 liberae

196 2932 328 2993 sint
362 2952 395 2991 a
432 2933 489 2991 iu
535 2951 572 2989 o
667 2951 697 2988 e
742 2929 804 2989 is.

368 3006 443 3066 V
434 2950 737 3068 osgsciu‘s.g
782 3004 991 3067 Testes
1028 3004 1161 3067 illos
1198 3006 1483 3087 appellat,
1529 3026 1606 3067 ne
1655 3006 1729 3065 de
1778 3025 1871 3071 re.
1895 3007 2146 3069 obscura
2181 3005 2274 3068 vel
2323 3024 2449 3067 am-

204 3085 389 3166 bigua
424 3084 552 3164 quis
600 3086 707 3143 iam
744 3094 915 3163 putet
948 3090 1083 3142 eum
1118 3085 1297 3145 verba
1337 3084 1640 3144 facturum.
1711 3084 1873 3145 ‘Nota
1893 3084 2164 3144 omnibus
2205 3082 2452 3144 historia

206 3172 365 3222 erat:
414 3104 593 3241 quod²
632 3158 919 3238 reliquum
982 3172 1137 3234 erat,
1198 3182 1301 3221 ees
1348 3161 1412 3220 in
1451 3159 1606 3221 clara
1653 3158 2132 3223 lncecoecutire
2171 3156 2452 3231 ostendit,

209 3237 373 3317 quod
412 3256 559 3316 opus
597 3235 713 3295 Dei
754 3234 863 3295 rite
902 3256 1025 3299 non
1064 3238 1469 3311 considerent,
1505 3238 1624 3299 imo
1668 3238 1827 3315 quod
1864 3236 2092 3317 pridem
2132 3257 2256 3296 non
2293 3234 2450 3293 didi-

208 3324 415 3375 cesant
465 3312 625 3392 quod
672 3310 861 3403 palam
906 3326 1287 3373 monstratum
1336 3314 1546 3373 fuerat.
1628 3313 1926 3395 Antiquos
1963 3314 2087 3373 dies
2124 3323 2298 3373 vocat
2332 3309 2449 3369 ini-

204 3390 359 3451 tium
395 3388 699 3470 Evangelii
735 3388 1067 3469 praedicati,
1105 3392 1221 3451 acsi
1260 3390 1500 3463 diceret,
1537 3390 1800 3449 Pridem:
1842 3394 2006 3469 qnasi
2039 3411 2070 3449 a
2149 3388 2296 3448 rima
2329 3388 2454 3448 Ec·-

209 3466 426 3556 clesiae
472 3466 737 3547 origine,
784 3485 851 3524 ex
897 3486 1015 3544 quo
1068 3465 1331 3528 Christus
1382 3466 1667 3545 populum
1711 3468 1966 3549 aliquem
2011 3410 2289 3548 coliigere
2336 3460 2450 3524 sibi

210 3562 324 3605 coe
372 3555 434 3602 nt.
1563 3583 1570 3594 ·
1635 3580 1642 3591 -
1885 3568 1888 3573 ·

330 3564 567 3693 pElegr’t
602 3616 769 3677 Deus
805 3617 867 3673 in
900 3614 1081 3679 nobis.
1143 3614 1410 3675 Verbum
1433 3614 1710 3698 Eligendi
1749 3630 2006 3681 statuere
2043 3630 2106 3679 et
2141 3618 2463 3680 decernere

214 3692 537 3774 siguificat:
580 3704 911 3773 quanquam
946 3691 1119 3752 simul
1158 3691 1574 3771 complectitur
1605 3694 1818 3757 Petrus
1854 3709 1974 3757 tam
2011 3697 2320 3778 gratuitam
2344 3692 2460 3752 Dei

214 3769 595 3842 electionem,
632 3787 801 3846 quam
843 3767 1153 3842 delectum,
1192 3787 1311 3845 quo
1350 3781 1556 3849 gentes
1595 3770 1656 3829 in
1695 3772 1978 3852 populum
2016 3794 2180 3833 suum
2219 3780 2466 3848 coopta-

214 3848 343 3909 bat.
430 3844 627 3925 Elegit
678 3862 855 3936 ergo,
914 3846 1031 3907 hoc
1078 3856 1199 3917 est,
1260 3845 1424 3923 quasi
1483 3844 1682 3909 habito
1733 3848 1998 3923 delectu,
2055 3861 2122 3907 ut
2179 3846 2466 3928 gratuitae

216 3918 581 4012 adoptionis·
604 3938 899 3999 specimen
939 3919 1143 3981 ederet
1178 3922 1243 3979 in
1400 3922 1587 3997 tibus,
1633 3924 1852 3995 voluit,
1885 3937 1968 3997 ‚nt
2017 3944 2124 4005 per
2161 3943 2227 3981 os
2265 3939 2460 3979 meum

216 3998 497 4061 audirent
530 3994 834 4077 Evangelii
873 3996 1216 4056 doctrinam.
1342 3998 1582 4060 articula
1618 4000 1699 4059 In
1731 4000 1897 4061 nobis
1933 3998 2274 4060 tantundem
2309 3994 2466 4057 valet

217 4087 401 4156 atque
438 4073 499 4133 in
538 4084 861 4151 conspectu
896 4084 1125 4147 nostro,
1163 4073 1259 4133 vel
1293 4076 1768 4152 nobistestibus,
1803 4077 1903 4136 vel
1941 4081 2000 4137 in
2041 4074 2234 4134 medio
2254 4070 2466 4137 nostri.

220 4150 533 4233 Significat
580 4148 735 4209 enim
796 4166 862 4208 se
909 4148 1052 4209 nihil
1112 4150 1351 4213 narrare
1411 4154 1522 4215 nisi
1573 4150 1931 4214 familiariter
1977 4152 2090 4211 illis
2136 4149 2466 4225 cognitum,

218 4238 435 4309 utpote
476 4224 637 4305 quod
676 4245 871 4286 coram
912 4226 1048 4306 ipsis
1086 4239 1313 4308 gestum
1353 4230 1539 4291 esset.'
1596 4230 1898 4321 Loqnutio
1941 4239 2029 4289 est
2066 4238 2180 4285 tam
2220 4224 2465 4287 Graecis

222 4322 402 4383 quam
438 4302 722 4363 Hebraeis
759 4302 891 4363 satis
930 4302 1093 4363 trita:
1136 4303 1248 4365 nisi
1286 4304 1444 4367 forte
1485 4328 1616 4369 cum
1653 4305 1784 4368 aliis
1802 4302 2094 4367 resolvere
2133 4302 2332 4381 libeat,
2368 4300 2469 4363 Me

227 4380 414 4461 elegit
450 4400 519 4441 ex
558 4378 672 4441 boc
714 4390 917 4442 nostro
958 4392 1147 4443 coetu.
