2788 4713
1033 303 1038 312 -
1089 252 1362 330 CAPUT
1401 268 1449 327 Ι.
2352 276 2391 335 ⁹

141 414 334 473 futura
363 411 442 472 sit
469 410 915 487 suabeatitudo,
1033 434 1134 473 um
1169 413 1235 472 in
1274 410 1507 480 coelum
1544 410 1763 493 recepti
1800 412 2044 475 fuerint:
2084 410 2387 504 quomodo

139 502 332 549 tutem
381 488 522 548 illuc
571 488 772 549 saltem
811 508 948 550 acce
987 500 1116 563 ant,
1165 487 1325 548 nulla
1373 484 1486 549 illis
1526 508 1661 549 cura
1702 499 1808 547 est.
1866 489 2061 571 Atqui
2106 490 2388 570 imprimis

137 564 592 625 renuntiandum
645 576 772 624 erat
819 565 1057 625 mundo.
1132 564 1448 645 Disputant
1499 562 1575 623 de
1622 562 1893 642 qualitate
1942 566 2168 627 futurae
2215 566 2389 642 vitae,

141 663 308 721 quam
349 639 607 701 habituri
645 653 782 701 snut
821 662 952 701 eum
979 640 1248 703 Christo:
1285 639 1523 701 interim
1562 660 1685 699 non
1724 641 1987 722 cogitant
2020 642 2225 703 mortis
2266 644 2389 705 eius

140 729 420 797 oportere
465 738 580 778 nos
630 736 756 778 esse
799 717 1142 797 participes,
1185 728 1254 777 ut
1289 728 1497 797 postea
1532 736 1666 776 cum
1706 734 1779 775 eo
1818 717 2062 779 vivamus
2100 719 2209 796 (11.
2232 720 2385 781 Tim.

137 800 206 867 2,
249 797 376 871 11.)
485 792 724 854 Insistat
769 792 788 852 i
833 794 952 853 itur
1017 795 1262 874 quisque
1325 794 1387 854 in
1458 811 1641 872 opere
1690 794 2013 871 praesentit
2075 795 2387 857 militemus

141 889 346 929 omues
381 880 620 929 strenue
658 869 765 930 sub
825 869 1060 930 'hristoz
1101 881 1437 961 constanter
1474 880 1535 927 et
1571 866 1872 927 indefessis
1905 868 2103 928 animis
2131 870 2189 929 iu
2217 894 2388 933 cursu

137 946 458 1008 vocationis
503 957 742 1007 nostrae
789 966 1128 1028 pergamust
1183 946 1437 1007 fructum
1474 945 1637 1005 Deus
1688 944 1752 1003 in
1792 955 2059 1023 tempore
2100 948 2385 1037 proferet.

142 1022 424 1101 Sequitur
491 1021 673 1083 altera
737 1024 1062 1096 correctio,
1137 1022 1240 1083 ubi
1287 1022 1499 1083 Testes
1566 1018 1677 1082 sibi
1750 1020 1882 1083 fore
1941 1033 2161 1083 asserit.
2260 1025 2387 1087 Hae

139 1098 298 1157 enim
366 1117 514 1159 voce
586 1098 786 1159 falsam
857 1098 930 1158 de
1009 1120 1202 1180 regno
1273 1108 1515 1159 terreno
1584 1096 2063 1190 imaginationem
2122 1110 2390 1163 excutere

137 1172 329 1233 voluit
397 1174 720 1255 discipulis:
787 1175 924 1255 quia
1000 1175 1260 1237 breviter
1331 1172 1621 1257 significat
1700 1195 1763 1236 in
1838 1172 2142 1255 Evangelii
2220 1195 2391 1255 prae-

137 1248 430 1311 dicatione
468 1248 806 1314 consistere.
889 1252 1028 1313 Non
1071 1262 1162 1313 est
1195 1250 1376 1333 igitur
1409 1272 1519 1311 cur
1554 1269 1731 1329 opes,
1782 1248 2046 1324 delicias,
2098 1261 2391 1314 externam

135 1327 496 1405 potentiam,
552 1338 654 1387 aut
701 1328 834 1407 quic
875 1350 1006 1389 uam
1055 1340 1358 1389 terrenum
1402 1326 1725 1403 somnient,
1776 1326 1913 1387 dum
1960 1326 2203 1389 audiunt
2246 1340 2392 1389 tunc

137 1421 384 1483 regnare
423 1402 754 1475 Christum,
805 1426 843 1462 u
888 1406 907 1465 i
945 1426 1054 1496 per
1089 1402 1392 1486 Evangelii
1430 1403 1753 1466 doctrinam
1790 1401 1903 1465 sihi
1938 1402 2217 1463 mundum
2248 1403 2391 1463 sub-

133 1478 336 1560 iugat..
369 1479 554 1539 Unde
579 1480 862 1559 sequitur,
891 1480 1264 1561 spiritualiter
1295 1480 1314 1540 i
1353 1502 1502 1556 sum,
1530 1499 1655 1541 non
1682 1480 1839 1541 iuxta
1870 1480 2157 1543 rationem
2188 1480 2395 1543 mundi

135 1554 456 1635 imperare:
530 1554 718 1629 Quod
769 1569 962 1619 antem
1020 1557 1095 1617 de
1145 1557 1358 1622 carnai
1404 1576 1593 1637 regno
1640 1555 1845 1617 animis
1930 1568 2397 1637 raesumpserant

136 1628 443 1711 Apostoll,
489 1650 562 1691 ex
596 1635 896 1695 communi
932 1634 1112 1696 totius
1143 1629 1334 1715 genti}
1374 1650 1578 1693 errore
1609 1632 1791 1693 fluxit.
1924 1652 1991 1695 ec
2014 1652 2155 1693 vero
2180 1634 2394 1693 mirum

137 1718 256 1781 est,
303 1708 418 1768 hac
465 1708 528 1769 in
565 1720 734 1788 parte
771 1730 976 1772 omnes
1014 1710 1190 1771 fuisse
1226 1708 1621 1781 hallucinatos.
1698 1708 1979 1769 Primum·
2009 1708 2165 1769 enim
2212 1730 2393 1790 quum

137 1780 276 1842 illud
309 1784 594 1845 metimur
627 1802 802 1846 seusu
839 1798 1066 1861 nostro,
1105 1785 1247 1865 quid
1281 1806 1585 1865 possumus
1614 1784 1725 1845 nisi
1756 1806 2007 1851 crassum
2034 1796 2096 1845 et
2113 1797 2391 1847 terrestre

137 1860 487 1941 concipere?
543 1861 682 1921 Huc
727 1861 984 1936 accedit,
1031 1862 1192 1941 quod
1237 1862 1529 1943 pecudum
1574 1862 1758 1921 instar
1802 1872 1935 1923 toto
1983 1880 2155 1922 seusu
2206 1862 2277 1922 ad
2328 1862 2393 1922 id

139 1937 290 2013 quod
333 1938 496 1999 carni
533 1948 772 1999 nostrae
809 1941 1182 2001 commodum
1221 1951 1328 2011 est,
1366 1938 1625 2000 ferimur.
1680 1937 1827 1999 Ideo
1867 1938 2049 2019 magis
2086 1937 2391 2019 arripimus

139 2014 289 2089 quod
324 2033 604 2095 praesens
643 2025 750 2075 est.
825 2015 1030 2089 Quare
1077 2026 1140 2077 et
1178 2014 1481 2077 Chiliastas
1527 2014 1735 2075 eodem
1774 2012 2033 2076 videmus
2072 2012 2247 2073 fuisse
2288 2014 2393 2073 de-

140 2086 340 2225 lgffios.
419 2090 580 2151 Hinc
617 2109 856 2170 quoque
893 2092 1110 2153 factum
1149 2103 1256 2166 est,
1291 2103 1359 2152 ut
1394 2090 1665 2151 vaticinia
1704 2092 1919 2164 omnia,
1958 2109 2107 2169 quae
2144 2090 2393 2173 figurate

259 2168 358 2227 isti
405 2186 656 2249 regnum
705 2168 814 2229 sub
851 2169 1106 2251 imagine
1141 2168 1505 2229 terrestrium
1540 2180 1607 2229 re
1652 2189 1861 2232 uorum
1901 2167 2268 2243 describunt,
2316 2166 2393 2229 ad

143 2244 319 2303 carnis
357 2242 736 2305 commodum
769 2245 1104 2306 traherent:
1147 2266 1326 2323 quum
1362 2256 1560 2305 tamen
1660 2244 1713 2306 ei
1738 2243 2058 2308 consilium
2096 2255 2269 2319 esset,
2304 2243 2387 2307 al-

141 2316 246 2380 tius
281 2339 494 2384 eorum
531 2332 758 2382 mentes
795 2320 1064 2384 evehere.
1133 2322 1260 2383 Nos
1297 2340 1441 2382 vero
1476 2341 1557 2385 ne
1592 2322 1795 2386 iisdem
1832 2319 2199 2400 implicemur
2222 2340 2389 2380 erro-

143 2393 326 2472 ribus,
373 2397 658 2460 discamus
704 2399 926 2460 animos
973 2411 1210 2461 nostros
1261 2397 1332 2458 ad
1371 2399 1677 2480 Evangelii
1724 2397 2103 2478 praeconium
2144 2396 2391 2474 referre,

143 2473 302 2550 quod
335 2475 534 2534 sedem
575 2474 794 2536 Christi
830 2494 1017 2558 regno
1056 2477 1119 2535 in
1157 2473 1433 2536 cordibus
1472 2475 1687 2536 nostris
1724 2473 1945 2536 statuit.

292 2548 400 2626 (Iu
431 2563 550 2610 tom
581 2548 858 2626 Iudaea.)
943 2552 1239 2626 Primum,
1276 2571 1401 2610 non
1444 2551 1609 2612 unius
1648 2549 1767 2613 diei
1804 2547 2065 2608 lahorem
2122 2547 2257 2607 sore
2310 2549 2391 2610 si-

223 2621 404 2698 ificat,
433 2625 568 2686 dum
589 2639 778 2690 totum
797 2628 910 2689 illis
949 2626 1158 2688 orbem
1195 2627 1302 2690 assi
1389 2637 1449 2686 at
1490 2623 1787 2707 Evangelii
1826 2623 2093 2686 doctrina
2139 2623 2389 2685 lustran-

141 2641 300 2760 ἔξω.
375 2701 714 2780 Praeterea,
762 2705 960 2766 salsam
999 2723 1170 2783 quam
1210 2703 1288 2764 de
1305 2646 1543 2762 {mele
1580 2711 2007 2780 conceperant,
2046 2699 2393 2780 opinionem

143 2775 384 2858 oblique
419 2779 652 2840 refutat.
726 2781 906 2842 Solos
951 2779 1016 2840 in
1067 2799 1142 2839 eo
1182 2779 1394 2840 ordine
1432 2775 1784 2851 censebant,
1831 2776 1931 2854 qui
1980 2795 2047 2840 ex
2094 2770 2391 2844 Abraham

141 2856 323 2934 geniti
360 2868 527 2918 erant
547 2858 866 2918 secundum
907 2876 1160 2918 carnem.
1211 2856 1491 2916 Testatur
1512 2854 1799 2927 Christus,
1836 2852 2153 2914 Samariam
2181 2873 2392 2936 aggre-

139 2931 383 3022 gandam
421 2952 573 2994 esse:
665 2952 777 2994 uae
809 2934 1040 2994 tametsi
1075 2931 1212 2994 loco
1249 2933 1472 3006 vicina,
1508 2930 1713 2994 animis
1748 2937 1946 2992 tamen
1995 2931 2237 2992 maxime
2276 2931 2391 2990 dis-

141 3021 334 3070 iuncta
393 3021 536 3070 erat.
685 3021 934 3085 estam,
979 3010 1116 3072 alias
1155 3029 1364 3072 omues
1396 3010 1701 3091 regiones,
1740 3019 1801 3068 et
1834 3018 2087 3068 remotas
2142 3019 2203 3067 et
2247 3028 2389 3087 pro·-

141 3083 320 3162 fanas‚
352 3099 558 3148 sancto
581 3084 806 3169 populo
843 3087 1126 3147 uniendas
1163 3105 1316 3161 esse,
1363 3098 1431 3146 ut
1478 3083 1737 3146 eiusdem
1786 3085 1903 3146 sint
1944 3084 2165 3166 gratiae
2212 3084 2391 3164 parti·-

143 3161 314 3238 cipes.
390 3162 636 3238 Quanto
683 3183 782 3222 ere
820 3163 1250 3224 abhorruerint.
1271 3162 1474 3224 Iudaei
1513 3183 1547 3222 a
1586 3160 1990 3233 samaritanis,
2035 3171 2243 3220 notum
2283 3171 2386 3220 est.

141 3237 542 3316 (Ioann.4,9.)
665 3259 779 3299 unc
827 3239 989 3320 quasi
1039 3250 1210 3320 rupta
1258 3239 1543 3312 maceria,
1599 3259 1781 3298 unum
1830 3257 1901 3298 ex
1946 3238 2209 3316 utrisque
2258 3235 2389 3296 fieri

139 3335 208 3462 i?
213 3336 322 3455 ‘ii'
323 3335 352 3466 3
401 3315 908 3454 iunissioffi‘ii‘ii’
951 3327 1022 3453 ’ἐξ
1067 3337 1356 3454 ’ἱἯῖἶῒω
1363 3313 1791 3454 ’ἶῖἶιὲξὲὲ““
1830 3311 2389 3451 ἰῗέῗῖἵιῖῗρῗαῗζ

142 3478 268 3526 rant
309 3434 580 3557 discipuli
625 3469 688 3529 iu
717 3469 1008 3532 estissimis
1056 3417 1316 3531 houstibus
1375 3469 1621 3530 refertas
1672 3413 1851 3542 es’seff,
1874 3469 2009 3526 satis
2042 3411 2283 3559 1:negotii
2320 3487 2390 3527 ac

143 3542 528 3606 molestiarum
578 3565 682 3606 eos
735 3566 976 3608 manere
1037 3545 1340 3608 admonet:
1410 3556 1477 3604 ut
1540 3543 1613 3606 de
1687 3546 2025 3623 propinquo
2088 3541 2387 3634 triumpho

145 3639 174 3676 c
249 3621 400 3680 ’tare
471 3621 758 3684 desinant.
828 3642 1023 3698 neque
1095 3623 1252 3682 enim
1325 3642 1526 3702 parum
1605 3619 1869 3682 horroris
1948 3619 2213 3678 incutere
2274 3617 2387 3679 illis

147 3694 212 3754 de
249 3697 375 3772 uit,
433 3697 674 3777 prodire
707 3719 909 3760 coram
947 3711 1041 3760 tot
1085 3699 1421 3760 saevissimis
1473 3694 1740 3758 hostibus
1788 3693 1863 3758 ad
1920 3694 2388 3758 inflammandam

147 3789 342 3834 eornm
403 3774 644 3836 rabiem.
777 3775 871 3836 Ac
931 3774 1158 3836 Iudaeis
1231 3775 1465 3855 quidem
1580 3774 1801 3836 riorem
1880 3769 2077 3835 locum
2158 3770 2387 3847 tribuit,

147 3849 268 3926 quia
367 3850 552 3910 veluti
633 3851 1013 3933 primogeniti
1089 3863 1285 3914 erant:
1358 3851 1515 3930 (Exo
1559 3896 1574 3912 .
1612 3855 1685 3922 4,
1740 3849 1871 3926 22.)
1996 3846 2225 3908 Gentes
2293 3857 2385 3906 ta-

143 3943 268 3984 men
317 3943 556 4001 omnes,
605 3948 754 4007 quae
789 3927 950 4008 prius
997 3927 1221 3990 alienae
1269 3949 1306 3990 a
1351 3947 1457 4008 spe
1501 3926 1699 3988 salutis
1739 3925 2005 4000 fuerant,
2054 3923 2387 4004 promiscue

39 4052 41 4062 .
145 4013 318 4062 vocat.
395 4001 558 4063 Hinc
604 4005 762 4064 enim
809 4004 1106 4081 discimus,
1153 4005 1372 4066 diserto
1420 4003 1639 4066 Christi
1684 4001 1957 4063 mandato
2004 3998 2387 4083 Evangelium

39 4133 41 4140 .
145 4075 354 4161 ubique
390 4078 570 4142 fuisse
603 4081 1018 4161 praedicatum,
1061 4093 1132 4144 ut
1167 4081 1240 4144 ad
1278 4102 1387 4144 nos
1423 4090 1705 4144 manaret.
1744 4071 2161 4162 (Ephes.2‚7·)
2242 4081 2273 4122 s

299 4293 363 4356 9.
439 4294 660 4382 Atque
699 4293 866 4362 haec
901 4291 1223 4382 loquutus,
1263 4291 1637 4362 videntibus
1676 4291 1830 4369 illis,
1865 4293 1935 4355 in
1956 4287 2155 4354 altum
2172 4289 2385 4354 subla-

153 4397 242 4458 tus
277 4399 407 4462 est:
447 4403 516 4464 et
543 4387 760 4466 nubes
795 4391 1098 4464 subduxit
1135 4395 1318 4464 illum
1357 4392 1450 4468 ab,
1486 4391 1693 4461 omlis
1734 4409 1975 4457 eorum.
2038 4387 2139 4456 10.
2169 4387 2385 4480 Quum
