2788 4713
9 1195 19 1318 -v-

9 1161 11 1164 ’
9 1095 18 1126 q
9 869 23 1078 *rr-‘tur‘
8 667 24 852 -t-Vrv
8 583 21 650 vv
9 518 25 558 *a
9 398 24 502 ’-·Ἰ-
9 107 30 372 -ήιῄή-ζ-ζζ-
9 61 14 84 ··
9 37 13 44 “

414 187 571 292 εω
1200 223 1281 283 m
1320 220 1547 282 ACTA
1581 219 1866 282 Apos‘r.

566 373 623 433 9.
704 365 879 430 Visio
920 385 1029 442 per
1067 377 1299 426 nomem.
1386 363 1596 428 Noluit
1625 362 1919 426 Dominus
1953 365 2204 428 Paulum
2237 364 2302 428 in
2337 366 2479 426 Asia
2517 363 2668 426 diu-

416 443 537 506 tius
570 445 815 516 morari,
861 441 995 522 quia
1034 459 1167 498 eum
1203 443 1265 504 in
1304 441 1706 502 Macedoniam
1745 439 1977 502 trahere
2013 441 2264 504 volebat.
2349 440 2670 504 Trahendi

417 533 609 582 autem
658 519 861 579 modus
908 515 1245 595 exprimitur
1283 539 1314 579 a
1351 517 1540 594 Luca,
1588 517 1747 598 quod
1797 515 1880 576 illi
1919 517 2006 577 vir
2045 517 2291 579 Macedo
2329 531 2512 580 nocte
2549 540 2668 600 ap·-

416 593 850 678 paruerit:·ubi
890 587 1213 658 notandum
1252 605 1358 668 est,
1399 614 1519 654 non
1559 593 1806 660 eundem
1846 613 2076 674 semper
2112 594 2483 656 revelationis
2521 617 2667 656 mo-

418 675 557 734 dum
595 671 770 730 fuisse
809 691 843 728 a
879 668 1138 728 Domino
1176 680 1494 740 servatum,
1544 669 1682 750 quia
1732 671 1988 732 diversae
2038 669 2262 751 species
2309 669 2382 732 ad
2431 669 2662 732 confir-

416 749 731 810 mationem
770 744 973 810 melius
996 745 1383 810 conveniunt.
1469 745 1606 806 Non
1655 743 1866 806 dicitur
1911 757 2104 818 antem
2149 743 2296 808 haec
2341 745 2490 808 visio
2543 747 2662 808 ob-

417 825 531 886 lat'a
574 823 745 882 fuisse
784 841 891 900 per
927 821 1249 898 somnium,
1278 821 1400 888 ,sed
1436 833 1662 892 tantum
1701 834 1904 888 nocte:
1953 834 2110 890 suut.
2134 821 2290 885 enim
2327 835 2664 885 nocturnae

416 899 691 983 quaedam
730 898 1017 970 visiones,
1061 915 1207 976 quae
1246 894 1438 960 tamen
1477 899 1527 958 vi
1574 897 1843 958 ’lantibus
1881 909 2218 958 occurrunt.

564 975 850 1035 succum
888 970 1065 1052 nobis.
1143 973 1305 1034 Haec
1350 919 1619 1053 loquuffo
1661 975 2032 1037 commendat
2067 973 2452 1036 ministerium
2493 975 2662 1068 quod

412 1050 597 1114 Paulo
639 1051 960 1110 iniunctum
1000 1059 1149 1108 erat:
1198 1071 1331 1112 nam
1372 1071 1548 1130 quum
1589 1049 1968 1132 Evangelium
2007 1051 2084 1110 sit
2162 1052 2386 1118 otentia
2421 1051 2547 1114 Dei
2597 1054 2662 1114 in

412 1128 687 1201 salutem,
736 1126 1007 1190 dicuntur
1057 1125 1177 1188 eius
1228 1125 1474 1186 ministri
1522 1125 1786 1186 auxilium
1843 1127 2108 1208 pereunti
2157 1149 2222 1188 us
2272 1127 2579 1202 ferre,.ut
2627 1149 2662 1190 a

411 1215 605 1266 morte
634 1213 867 1282 ereptos
892 1202 951 1262 in
972 1200 1120 1262 vitae
1145 1213 1416 1264 aeternae
1440 1201 1854 1262 haereditatem
1879 1202 2167 1264 adducant
2205 1201 2406 1293 (Rom.
2430 1211 2490 1277 1,
2515 1205 2663 1296 ui).

411 1278 755 1359 Atquebic
806 1299 927 1338 non
976 1277 1116 1342 le‘vis
1162 1276 1425 1338 stimulus
1473 1299 1596 1340 esse
1645 1277 1822 1338 debet
1869 1279 1974 1360 piis
2015 1280 2354 1344 doctoribus
2393 1280 2465 1340 ad
2503 1281 2661 1340 incr·⁸

412 1354 655 1420 tandum
692 1354 867 1414 studii
902 1351 1209 1429 ardorem,
1256 1355 1390 1416 dum
1439 1375 1500 1418 se
1549 1355 1784 1418 miseras
1832 1355 2050 1416 animas
2101 1375 2376 1418 revocare
2414 1355 2665 1418 audiunt

414 1432 488 1496 ab
526 1429 771 1492 interitu
812 1441 871 1490 et
920 1449 1095 1510 opem
1146 1429 1301 1491 serre
1330 1429 1494 1491 ‘alias
1541 1431 1819 1526 perditis,
1883 1443 1947 1491 ut
1993 1431 2133 1492 salvi
2170 1433 2328 1496 fiant.
2403 1431 2663 1494 Rursum

413 1509 701 1570 docentur
738 1504 955 1588 populi.
981 1526 1183 1567 omnes
1221 1507 1294 1568 ad
1330 1527 1479 1588 qnos
1517 1505 1894 1588 Evangelium
1933 1501 2256 1590 perfertur,
2304 1505 2440 1570 eius
2483 1509 2662 1569 mini·

412 1595 565 1646 utros
604 1604 724 1643 non
764 1602 929 1644 secus
978 1602 1044 1644 ac
1068 1596 1073 1601 ’
1096 1582 1446 1644 liberatores
1495 1595 1832 1646 reverenter
1869 1584 2169 1676 amplecti,
2217 1583 2330 1646 nisi
2365 1583 2484 1644 Dei
2521 1605 2659 1666 gra-

411 1657 552 1722 tiam
590 1657 843 1740 maligne
882 1678 1157 1738 respuere
1197 1660 1394 1720 velint.
1457 1659 1664 1740 Neque
1701 1669 1894 1720 tamen
1934 1683 2015 1722 sic
2053 1658 2128 1722 ad
2165 1659 2430 1721 homines
2465 1671 2664 1722 trans-

412 1735 603 1797 fertur
650 1733 766 1796 hoc
818 1731 1112 1827 elogium,
1170 1747 1237 1795 ut
1280 1735 1371 1796 vel
1421 1735 1656 1800 minima
1703 1735 1892 1818 ¹laudis
1949 1757 2090 1800 suae
2145 1749 2312 1818 parte
2367 1736 2662 1818 spolietur

412 1813 606 1889 Deus,
670 1811 801 1890 quia
853 1822 961 1872 etsi
1008 1831 1117 1892 per
1163 1813 1460 1874 ministros
1509 1813 1752 1878 salutem
1793 1813 2054 1884 confert,
2114 1835 2260 1874 unus
2298 1823 2495 1872 tamen
2523 1814 2662 1878 ,eius

412 1901 621 1952 auctor
658 1899 777 1962 est,
818 1887 1170 1948 acsi‘manus
1208 1908 1336 1952 suas
1376 1886 1716 1950 extenderet
1754 1888 1826 1948 ad
1866 1887 2137 1950 auxilium
2180 1887 2506 1959 serendum.

566 1971 659 2030 1⁰.
752 1964 919 2024 cmo
954 1967 1297 2045 confir-mati.
1385 1965 1539 2025 Hine
1579 1965 1906 2044 colligimus
1949 1987 2070 2027 non
2112 1964 2286 2026 fuisse
2325 1965 2536 2024 nudam
2575 1965 2662 2025 vi·

412 2042 674 2115 sionem,
706 2039 831 2114 ⁴sed
881 2039 1280 2101 confirmatam
1324 2039 1581 2121 Spiritus
1629 2043 1986 2106 testimonio.
2083 2040 2341 2122 Spectris
2389 2040 2548 2102 euim
2599 2053 2662 2102 et

410 2117 732 2182 visionibus
778 2135 949 2198 saepe
1006 2117 1076 2176 acl
1124 2139 1251 2178 suas
1298 2117 1637 2207 praestigias
1687 2115 1946 2178 abutitur
1985 2115 2196 2191 Satan,
2243 2128 2308 2176 ut
2345 2116 2662 2178 incredulis

412 2192 634 2255 illudat.
700 2191 791 2253 Ita
830 2192 897 2252 fit
933 2204 999 2253 ut
1038 2193 1192 2253 nuda
1228 2193 1373 2256 visio
1413 2214 1746 2272 suspensam
1785 2189 2077 2272 relinquat
2105 2191 2349 2258 hominis
2381 2204 2664 2270 mentem,

412 2270 517 2334 sed
558 2289 706 2348 quae
744 2288 880 2328 vere
922 2269 1148 2329 divinae
1192 2282 1361 2345 sunt,
1416 2289 1508 2328 eas
1551 2269 1800 2360 Spiritus
1852 2282 2010 2332 certa
2032 2279 2189 2332 'nota
2229 2267 2534 2352 obsignat,
2581 2290 2662 2330 ne

413 2345 684 2412 vacillent
720 2347 813 2407 vel
852 2344 1168 2423 haesitent,
1225 2367 1370 2431 quos
1409 2345 1704 2407 Dominus
1742 2345 1864 2407 vult
1914 2344 2129 2407 habere
2179 2360 2346 2407 certo
2393 2345 2508 2406 sibi
2555 2345 2660 2407 ad-

416 2426 620 2487 dictos.
682 2423 869 2483 Bruto
908 2445 938 2483 a
981 2424 1174 2515 pai-uit
1213 2422 1628 2499 cacodaemon,
1667 2442 1798 2483 eum
1839 2422 1908 2483 ad
1951 2421 2148 2485 infelix
2183 2422 2330 2485 illud
2368 2422 2657 2504 proelium

412 2501 661 2562 invitans
701 2498 858 2579 quod
894 2500 939 2559 P
984 2500 1083 2580 nup
1129 2501 1176 2561 is
1212 2511 1404 2561 transe
1451 2500 1522 2558 it:
1574 2498 1782 2559 eodem
1819 2498 2044 2559 scilicet
2083 2501 2140 2559 in
2183 2499 2340 2573 loce,
2378 2498 2450 2559 ad
2485 2520 2660 2582 quem

412 2589 618 2671 postea
658 2588 893 2637 vocatus
932 2576 1042 2637 suit
1080 2521 1311 2639 gaulus.
1376 2519 1632 2636 ,ἥῖεηιπι
1671 2589 1735 2637 ut
1775 2576 1952 2659 longe
1995 2574 2277 2635 dissimilis
2320 2575 2432 2636 fuit
2471 2597 2658 2649 causa,

414 2666 493 2717 tta
533 2673 767 2734 prorsus
808 2652 976 2713 aliter
1010 2650 1303 2719 Dominus
1343 2674 1474 2712 cum
1513 2672 1678 2713 servo
1719 2673 1825 2712 suo
1869 2652 2020 2733 egit,
2071 2664 2138 2713 ut
2187 2651 2272 2712 illi
2323 2650 2660 2732 scrupulum

416 2750 649 2795 omnem
694 2729 999 2805 eximeret,
1053 2749 1173 2789 non
1224 2741 1419 2789 autem
1471 2727 1828 2809 relinqueret
1859 2749 2082 2808 *pavore
2123 2728 2458 2789 attonitum.
2535 2726 2662 2787 Iam

412 2804 476 2869 in
532 2804 715 2865 Paulo
768 2816 829 2864 et
878 2804 1188 2865 comitibus
1248 2805 1657 2866 certitudinem
1715 2825 1848 2865 mox
1899 2816 2212 2883 sequutum
2275 2816 2365 2867 est
2417 2804 2663 2883 parendi

414 2881 695 2945 studium:
736 2902 865 2939 nam
904 2880 1143 2942 simulac
1182 2892 1387 2942 tenent
1422 2880 1598 2942 acciri
1633 2898 1696 2940 se
1735 2902 1766 2941 a
1807 2880 2090 2955 Domino,
2127 2880 2196 2940 ad
2229 2879 2662 2961 prosectionem

416 2979 478 3020 se
517 2957 847 3048 accingunt.
923 2956 1259 3035 Participii,
1311 2958 1468 3035 quod
1511 2956 1604 3016 bic
1643 2958 1883 3049 ponitur
1921 2954 2424 3035 (oqussessrigomg),
2473 2957 2664 3015 activa

413 3046 505 3106 est
540 3032 905 3093 terminatio:
944 3052 1122 3110 quum
1162 3045 1357 3093 autem
1397 3034 1575 3095 multa
1612 3032 1918 3115 significet,
1957 3053 2079 3092 non
2121 3030 2322 3091 dubito
2361 3030 2504 3110 quin
2533 3031 2665 3093 Lu-

416 3132 511 3173 cas
549 3108 665 3167 hoc
703 3106 837 3167 loco
878 3107 1195 3189 intelligat,
1242 3108 1484 3167 Paulum
1529 3121 1590 3168 et
1627 3112 1914 3189 reliquos,
1970 3130 2148 3187 quum
2187 3108 2329 3167 hanc
2364 3106 2662 3167 visionem

414 3186 805 3265 adiungerent
849 3182 1248 3263 superioribus
1295 3183 1575 3263 oracuIiS,
1621 3198 1785 3249 certo
1837 3204 2139 3265 persuasos
2181 3202 2334 3259 esse,
2382 3181 2664 3245 divinitus

414 3262 479 3323 in
518 3259 923 3321 Macedoniam
960 3279 1029 3340 se,
1062 3262 1274 3321 vocari.
1661 3266 1668 3275 “

582 3424 681 3491 11.
765 3420 985 3509 Quum
1030 3442 1181 3509 ergo
1226 3422 1636 3491 solvissemus
1679 3446 1716 3491 a
1757 3424 2051 3503 Troade,
2095 3435 2275 3491 recto
2319 3444 2516 3489 cursu
2555 3444 2664 3487 vc-

414 3528 623 3593 nimus
677 3526 745 3588 in
800 3522 1327 3603 Samothraciam,
1386 3535 1451 3589 et
1499 3536 1764 3611 postero
1823 3528 1929 3591 die
1979 3524 2336 3611 Neapolim
2423 3524 2526 3587 12.
2577 3524 2666 3588 Et

414 3626 571 3693 inde
624 3624 987 3711 Philippos,
1047 3646 1214 3711 quae
1268 3628 1472 3712 prima
1532 3636 1627 3691 est
1687 3630 1886 3713 partis
1937 3624 2370 3692 Macedoniae
2423 3628 2664 3703 civitas,

416 3722 692 3793 colonia.
783 3726 1052 3791 Eramus
1094 3736 1303 3789 autem
1344 3728 1416 3791 in
1459 3724 1683 3791 eadem
1725 3724 1890 3791 urbe
1936 3722 2165 3793 diebus
2203 3724 2456 3813 aliquot
2490 3748 2668 3791 com-

412 3836 763 3894 morantes:
857 3826 955 3891 13.
1015 3826 1099 3891 Et
1156 3825 1264 3890 die
1299 3823 1746 3907 ‚Sabbatorum
1805 3829 2043 3915 egressi
2097 3846 2314 3891 sumus
2367 3849 2446 3893 ex
2497 3826 2666 3893 urbe

412 3932 585 3995 iuxta
626 3928 899 4005 flumen,
949 3924 1065 3991 ubi
1110 3924 1364 3991 solebat
1406 3946 1546 3989 esse
1587 3929 1904 4012 precatio,
1961 3936 2027 3991 et
2079 3926 2382 3993 sedentes
2435 3926 2682 4015 loque--

408 4027 640 4096 hamur
688 4024 1093 4105 mulieribus,
1146 4046 1313 4111 quae
1366 4037 1822 4093 convenerant.
1905 4026 2004 4091 14.
2059 4026 2400 4112 Quaedam
2449 4038 2670 4093 autem

409 4128 643 4195 mulier
681 4129 943 4195 nomine
980 4124 1220 4213 Lydia,
1273 4146 1697 4211 purpurarum
1735 4124 2080 4205 venditrix,
2131 4129 2408 4193 civitatis
2445 4127 2672 4211 Thya-

410 4231 709 4309 tirorum,
760 4227 985 4295 colens
1040 4226 1285 4303 Deum,
1338 4223 1614 4290 audivit:
1655 4228 1838 4291 cuius
1879 4226 2200 4293 Dominus
2241 4228 2498 4314 speruit
2535 4250 2672 4301 cor.

409 4330 505 4391 uti
543 4330 911 4397 intenderet
950 4328 1079 4407 his,
1118 4348 1283 4414 quae
1334 4322 1716 4393 dicebantur
1757 4348 1796 4391 a
1835 4326 2061 4393 Paulo.
2146 4328 2242 4393 15.
2287 4326 2516 4411 Quum
2561 4348 2672 4393 au-

2465 4518 2498 4545 S
