2788 4713
1062 269 1394 361 -cAPU‘s
1426 272 1554 335 ιι..
1679 242 1684 251 ’
2329 278 2444 347 aas
2547 322 2554 331 .

164 414 571 515 Respondeo‚
608 413 1133 481 Considerandum.
1154 436 1283 478 esse
1318 416 1528 491 finem,
1573 436 1680 479 eur
1717 418 1876 501 leges
1912 418 2219 482 sanctione
2251 418 2442 483 iuter-

162 511 369 580 posita
408 504 618 557 vetent
651 513 845 553 muros
887 491 1119 569 violari3
1180 494 1275 557 Ne
1320 492 1549 555 scilicet
1593 491 1768 554 urbes
1815 494 2130 558 latrociniis
2175 496 2294 557 sint
2339 518 2440 561 ex-

210 576 409 637 ositae
448 583 627 651 atque
660 580 729 628 ut
762 569 877 629 tuti
914 570 1031 631 sint
1070 592 1103 631 a
1140 568 1578 651 proditionibus
1617 570 1786 633 eives.
1857 570 1978 631 Ubi
2014 571 2088 632 de
2126 573 2438 635 liberando

162 596 427 711 bomine
466 644 701 707 innoxio
739 646 963 727 agitur,
1010 659 1197 708 cessat
1244 646 1343 707 illa
1388 646 1559 706 ratio.
1645 647 1784 707 Non
1826 647 2016 709 minus
2051 650 2251 730 itaque
2289 650 2436 711 fide-

164 726 334 787 libus
373 723 541 785 licuit
575 722 819 783 Paulum
861 722 1170 783 demittere
1208 723 1269 783 in
1309 732 1544 802 sporta,
1595 744 1776 803 quam
1819 720 2024 783 licebit
2057 726 2288 805 privato
2323 726 2436 788 bo-

164 802 325 865 mini
352 822 579 864 murum
608 798 923 872 transilire,
960 810 1028 859 ut.
1064 800 1322 873 subitum
1360 799 1540 859 bostis
1579 797 1874 860 incursum
1916 800 2244 879 propulset.
2301 802 2438 865 lloc

170 876 475 961 posterius
509 875 836 937 membrum
874 887 1088 935 tractat
1129 878 1341 939 Cicero
1392 888 1453 935 et
1497 888 1661 936 recte
1709 876 1943 950 definit,
1991 878 2214 937 etiamsi
2262 899 2437 959 pere-

176 955 419 1039 gtinum
456 951 543 1015 lex
578 964 776 1013 arceat
813 972 846 1011 a
885 952 1039 1011 muri
1074 966 1327 1026 accessu,
1362 952 1606 1012 minime
1643 964 1840 1014 tamen
1880 965 2126 1034 peccare
2209 956 2266 1015 ui
2303 976 2436 1016 mu-

178 1053 317 1093 rum
350 1029 703 1093 conscendet
728 1028 1044 1090 servandae
1075 1028 1234 1090 urbis
1261 1050 1456 1103 eausa,
1497 1030 1633 1109 quia
1673 1030 1832 1112 leges
1861 1050 1982 1089 sem
2029 1050 2094 1089 er
2127 1050 2160 1090 a
2233 1050 2300 1091 ae
2345 1032 2437 1091 ui-

180 1118 363 1168 tatem
398 1106 725 1167 flectendae
762 1106 898 1165 sint.
959 1105 1120 1186 Ergo
1162 1105 1620 1185 reprehensione
1661 1118 1819 1167 caret
1856 1052 2024 1166 Paulp

182 1184 289 1245 tim
327 1184 535 1256 evasit,
586 1202 769 1263 quum
808 1179 866 1240 id
908 1194 1109 1261 posset
1142 1181 1363 1261 absque
1404 1182 1611 1262 populi
1646 1181 1918 1243 tumultu.
1995 1184 2232 1243 Interea
2269 1183 2436 1244 vide-

174 1282 303 1321 mus
341 1258 593 1340 qualiter
630 1279 769 1335 suos
807 1257 1113 1318 humiliare
1149 1256 1442 1318 Dominus
1486 1258 1704 1333 soleat,
1757 1257 1993 1339 quando
2045 1259 2224 1323 vitam
2271 1278 2436 1321 suam

172 1336 334 1397 urbis
375 1334 718 1395 custodibus
759 1332 939 1393 furari
977 1332 1191 1395 Paulus
1232 1334 1492 1413 cogitur,
1539 1336 1586 1395 si
1625 1336 1749 1407 vult
1785 1335 1972 1395 salvus
2011 1335 2186 1396 elabi.
2285 1336 2438 1397 Ideo

172 1413 289 1474 boc
338 1411 669 1493 exemplum
720 1410 878 1469 inter
928 1432 1057 1471 suas
1105 1410 1472 1473 infirmitates
1523 1424 1946 1473 commemorat
2002 1412 2114 1493 (11.
2155 1413 2299 1475 Cor.
2339 1420 2438 1487 11,

168 1496 269 1556 32.
306 1489 455 1567 33.).
542 1488 680 1549 Hoc
724 1486 999 1549 tirocinio
1048 1486 1125 1549 ad
1173 1508 1412 1551 crucem
1459 1486 1761 1551 ferendam
1807 1502 2035 1551 mature
2083 1490 2441 1553 assuefactus

168 1566 307 1627 fuit.

338 1720 441 1785 26.
518 1718 741 1805 Quum
780 1731 991 1789 autem
1034 1729 1204 1785 esset
1237 1719 1468 1787 Saulus
1507 1720 2024 1807 Hierosolymae,
2061 1724 2330 1789 tentavit
2362 1746 2436 1791 se

168 1820 531 1907 adiungere
570 1819 930 1907 discipulis,
974 1830 1039 1886 et
1080 1842 1304 1887 omnes
1344 1821 1656 1888 timebant
1694 1844 1868 1903 eum,
1907 1816 2046 1889 non
2077 1824 2438 1907 credentes,

171 1920 355 2009 quod
411 1932 583 1987 esset
620 1920 1006 2007 discipulus.
1099 1923 1201 1988 27.
1252 1920 1586 1988 Barnabas
1640 1934 1850 1992 autem
1907 1944 2052 1988 eum
2102 1936 2438 2013 acceptum

170 2023 439 2089 adduxit
480 2020 561 2087 ad
590 2020 991 2108 'ApostoloS,
1046 2032 1111 2087 et
1162 2026 1445 2089 narravit
1497 2022 1661 2105 illis,
1711 2025 2042 2111 quomodo
2085 2028 2158 2091 in
2195 2029 2302 2093 via
2342 2028 2440 2091 vi-
2527 2022 2532 2027 ’

2007 1129 2070 1167 us
2111 1106 2270 1187 quod
2339 1130 2437 1167 ur·-
2539 1120 2547 1128 '

172 2123 377 2189 disset
428 2122 843 2201 Dominum„
886 2132 951 2187 et
1004 2122 1183 2210 quod
1246 2123 1556 2210 loquutus
1609 2138 1780 2191 esset
1825 2129 1918 2205 ei,
1985 2136 2050 2192 et
2103 2126 2438 2215 quomodo
2551 2206 2556 2211 ὓ

170 2224 475 2290 Damasci
528 2220 939 2287 confidenter
999 2246 1071 2289 se
1134 2228 1434 2309 gessisset
1496 2229 1564 2291 in
1617 2230 1880 2293 nomine
1938 2228 2104 2292 Iesu.
2198 2230 2300 2293 28.
2352 2228 2440 2293 Et

168 2334 467 2392 versatus
518 2334 617 2389 est
659 2346 799 2388 cum
843 2326 999 2410 ipsis
1042 2324 1571 2412 Hierosolymae,
1626 2338 1718 2406 et,
1768 2338 2018 2414 sumpta
2070 2326 2312 2392 fiducia
2365 2328 2438 2393 iu

170 2428 445 2494 nomine
483 2423 752 2490 Domini
793 2429 997 2490 nostri
1046 2427 1229 2504 Iesu,
1310 2429 1412 2492 29.
1457 2426 1905 2512 Loquebatur,
1961 2439 2026 2491 et
2068 2425 2441 2515 disputabat

182 2547 334 2591 eum
358 2525 640 2591 Graecis.
697 2525 801 2590 llli
830 2537 1039 2592 autem
1069 2523 1284 2604 conati
1316 2536 1466 2592 sunt
1491 2549 1634 2590 eum
1661 2527 2048 2591 interficere.
2097 2529 2198 2592 30.
2231 2525 2440 2614 Quod

181 2647 388 2715 quum
428 2627 807 2692 innotuisset
846 2619 1175 2706 fratribus,
1210 2627 1567 2698 eduxerunt
1612 2649 1756 2700 eum
1793 2625 2181 2694 Caesaream
2227 2639 2290 2692 et
2323 2629 2442 2690 mi-

171 2737 411 2795 serunt
450 2747 589 2792 eum
628 2729 917 2793 Tarsum.
997 2727 1100 2793 31.
1139 2726 1474 2794 Ecclesiae
1520 2749 1674 2814 ergo
1719 2751 1840 2815 per
1875 2737 2074 2793 totam
2118 2717 2439 2808 Iudaeam,

178 2839 251 2896 et
294 2826 682 2908 Galilaeam,
736 2839 801 2895 et
838 2829 1181 2894 Samariam
1226 2826 1553 2895 habebant
1592 2851 1845 2916 pacem:
1899 2838 1964 2893 et
2006 2822 2459 2895 aedificaban-'

174 2941 317 3010 tur,
357 2941 421 2996 et
464 2925 885 2996 ambulabant
924 2931 993 2996 in
1033 2932 1263 2996 timore
1296 2929 1594 3009 Domini,
1637 2937 1702 2994 et
1743 2929 2192 2997 consolatione
2233 2933 2441 2998 sancti

172 3033 456 3122 Spiritus
493 3031 935 3118 replebantur.

330 3169 433 3230 26.
523 3159 715 3301 zm
749 3177 893 3224 essee
925 3161 1166 3224 Saulus.
1248 3162 1422 3226 Duro
1461 3174 1525 3224 et
1561 3181 1764 3242 aspera
1802 3159 1987 3224 Paulo
2027 3159 2216 3224 adbuc
2253 3158 2475 3222 tironi*

176 3239 515 3302 rudimenta
595 3259 699 3301 aee
738 3239 1013 3318 fuerunt,
1132 3240 1209 3302 od
1246 3241 1343 3300 vix
1377 3260 1410 3300 e
1449 3239 1716 3303 manibus
1753 3238 2006 3311 hostium
2048 3238 2274 3319 elapsus
2313 3258 2440 3297 non

176 3317 508 3380 admittitur
557 3338 591 3378 a
640 3315 955 3398 discipulis.
1046 3264 1138 3380 fii
1186 3317 1351 3379 enim
1393 3316 1578 3377 videri
1629 3325 1871 3398 poterat
1955 3313 2082 3376 nasi
2125 3333 2234 3394 per
2283 3313 2441 3374 ludi-

178 3393 377 3454 brium
425 3392 567 3454 hinc
623 3393 761 3453 inde
815 3393 1045 3470 iactari,
1097 3405 1166 3454 ut
1214 3415 1502 3488 nusquam
1550 3392 1870 3454 consistere
1915 3335 2185 3451 daretur:
2249 3403 2440 3451 totam

223 3483 431 3530 entem
475 3491 638 3530 suam
686 3468 905 3530 Christi
952 3470 1196 3532 nomine
1243 3471 1358 3531 sibi
1405 3469 1672 3529 infestam
1721 3466 2001 3528 babebat:
2059 3468 2354 3560 respuitur
2403 3488 2441 3527 a

218 3545 565 3606 'hristianisz
624 3567 822 3610 annon
882 3547 1045 3627 quasi
1096 3548 1315 3608 eiectus
1365 3546 1670 3606 hominum
1721 3545 2025 3605 consortio
2076 3566 2330 3606 animum
2380 3554 2441 3603 et

174 3649 205 3685 s
254 3643 352 3682 em
404 3621 661 3684 abiicere
710 3621 945 3703 potuit?
1019 3623 1313 3698 Primum,
1360 3621 1500 3703 quid
1538 3633 1805 3702 superest
1843 3621 1954 3681 nisi
1993 3633 2062 3682 ut
2098 3619 2328 3682 deficiat
2363 3619 2439 3680 ab

236 3697 479 3774 eclesia,
528 3711 839 3781 postquam
876 3721 1001 3760 non
1041 3699 1361 3780 recipitur?
1430 3698 1550 3758 Sed
1589 3710 1886 3760 anteactae
1923 3697 2074 3758 vitae
2114 3718 2340 3757 memor
2376 3714 2443 3755 se

178 3773 421 3836 borrori
446 3795 715 3837 essenon
740 3775 1002 3836 miratur.
1078 3775 1286 3856 Itaque
1307 3775 1600 3856 patienter
1615 3775 1894 3848 sustinet,
1935 3773 2262 3834 afratribus
2283 3773 2439 3858 iusto

176 3863 347 3914 metu
375 3869 439 3910 se
472 3851 677 3914 arceri.
753 3851 915 3913 Haec
938 3873 1071 3913 vera
1094 3853 1205 3914 suit
1224 3852 1564 3926 couversi0,
1603 3852 1763 3931 quod
1783 3873 1958 3930 quum
1984 3851 2261 3910 atrociter
2287 3867 2444 3927 prius

176 3927 467 4002 saeviret,
513 3929 1047 4010 persequutionum
1128 3929 1373 3992 rosellas
1422 3950 1581 3989 nunc
1629 3929 1864 3988 fortiter
1915 3927 2142 4006 excipit.
2225 3925 2303 3983 Et
2348 3921 2444 3980 in-

178 4019 351 4067 terea
444 4027 583 4066 uum
634 4003 801 4066 locus
848 4005 933 4065 illi
972 3951 1128 4086 apui'i
1165 4005 1295 4088 pios
1334 4018 1617 4098 negatur,
1662 4016 1967 4066 mansueto
2006 4001 2198 4063 animo
2240 4016 2443 4078 exspe-

180 4094 345 4156 ctat,
442 4103 541 4144 um
587 4079 720 4142 illos
769 4081 883 4142 sibi
932 4081 1095 4144 Deus
1143 4081 1512 4143 reconciliet.
1609 4081 1691 4142 Et
1749 4080 2062 4172 diligenter
2121 4075 2444 4164 notandum

182 4171 275 4220 est
317 4157 463 4238 quid
513 4169 777 4239 expetat,
820 4177 955 4219 nem
1002 4178 1034 4218 e
1072 4171 1141 4220 ut
1178 4171 1488 4220 censeatur
1533 4157 1689 4219 inter
1729 4157 1947 4218 Clu-isti
1987 4151 2325 4233 discipulos:
2385 4148 2445 4210 id

178 4255 332 4294 vero
372 4255 503 4296 non
540 4233 835 4326 impetrat.
987 4233 1103 4296 ulla
1140 4233 1233 4296 bic
1272 4247 1483 4320 regnat
1518 4234 1790 4308 ambitio,
1835 4231 1939 4294 sed
1977 4231 2056 4290 ita
2095 4227 2450 4290 erudiendus

184 4309 333 4384 suit,
378 4319 451 4370 ut
498 4307 681 4391 pluris
728 4311 953 4372 faceret
986 4311 1077 4372 vel
1116 4309 1388 4374 ultimum
1434 4310 1632 4370 locum
1679 4309 1837 4370 inter
1875 4304 2096 4394 Christi
2135 4301 2450 4394 discipulos

190 4407 369 4470 quam
406 4385 611 4453 omnia
648 4387 711 4450 in
756 4388 1047 4470 corruptis
1085 4401 1150 4452 et
1184 4386 1524 4472 apostaticis
1559 4384 1872 4467 synagogis
1907 4392 2259 4462 magisteria.
2351 4379 2448 4441 Ab
