2788 4713
334 218 452 283 ἏΜ
1123 214 1216 279 m
1249 212 1479 281 ACTA
1512 206 1805 277 APOST.

333 356 606 441 professo
643 356 851 439 docet,
901 356 1040 443 qum
1077 356 1399 423 secundum
1436 358 1633 423 Deum
1672 354 1878 433 liceat,
1922 352 2029 419 sed
2076 354 2219 439 quid
2269 355 2447 441 vulgo
2493 376 2609 419 re-

334 446 1072 572 ceptwuueaehlwminm
1172 508 1407 573 Clarius
1464 527 1746 571 summam
1794 508 2031 571 visionis
2084 473 2150 570 et,
2191 526 2438 589 scopum
2484 508 2605 569 de·-

335 601 644 664 monstrat,
725 589 843 650 uod
883 588 957 649 de
1001 586 1144 649 cibis
1183 587 1373 649 fuerat
1411 586 1629 647 dictum
1668 585 1743 645 ad
1780 586 2048 645 homines
2086 584 2369 646 referens.
2434 584 2611 646 Cae-

333 676 526 727 terum
585 657 688 725 'uo
765 662 989 725 nullum
1023 664 1386 725 immundum
1428 682 1551 723 esse
1592 661 1765 736 dicit,
1820 682 1897 721 ne
1936 660 2225 743 intelligas
2266 660 2339 719 de
2378 660 2605 723 indivi-

336 742 480 801 duis.
607 752 796 802 ertum
835 742 991 802 enim
1031 752 1138 817 est,
1173 738 1509 800 incredulos
1549 758 1753 798 omnes
1792 738 2183 799 conscientiae
2221 736 2603 799 immunditie

333 816 596 899 pollutos
636 838 792 891 esse,
841 830 910 878 nt
955 818 1126 879 etiam
1177 815 1310 877 solo
1357 826 1577 875 attactu
1618 835 1767 894 quae
1806 813 2027 907 alioqui
2064 836 2209 895 pura
2256 824 2393 874 sunt
2444 836 2603 875 con-

333 894 638 954 taminent.
745 894 958 956 Paulus
1005 895 1180 954 etiam
1229 912 1433 951 eorum
1486 890 1707 952 liberos
1758 890 1903 951 dicit
1950 890 2279 951 immundos
2326 910 2601 967 manere,

335 968 528 1031 donec
575 969 691 1032 fide
739 980 1079 1053 purgentur.
1154 968 1432 1047 Denique
1481 966 1531 1027 si
1578 968 1703 1028 sola
1758 978 1847 1027 est
1892 966 2068 1038 fides,
2115 987 2267 1048 quae
2314 968 2601 1047 purificat

331 1044 638 1107 hominum
676 1048 884 1122 corda,
933 1043 1306 1107 incredulitas
1345 1064 1413 1104 ea
1452 1044 1736 1125 profanat.
1822 1044 1943 1103 Sed
1982 1042 2192 1104 Petrus
2232 1042 2323 1103 bic
2363 1054 2601 1104 tanturn

329 1122 584 1185 Iudaeos
624 1123 861 1185 confert
907 1142 1038 1182 cum
1085 1120 1388 1205 gentibus:
1442 1132 1504 1180 et
1541 1121 1819 1200 qnoniam
1858 1120 2046 1179 diruta
2084 1120 2337 1180 maceria
2376 1120 2597 1185 foedus

325 1200 480 1261 vitae
521 1211 582 1260 et
617 1198 814 1261 salutis
851 1198 1113 1278 utrisque
1154 1218 1312 1258 nunc
1349 1197 1572 1278 pariter
1608 1216 1921 1259 commune
1960 1207 2069 1270 est,
2104 1216 2215 1275 pro
2248 1196 2449 1257 alienis
2480 1194 2595 1259 lla-

326 1275 555 1338 bendos
595 1295 718 1337 esse
758 1286 966 1356 negat,
1007 1274 1108 1355 qui
1147 1273 1372 1334 divinae
1410 1272 1745 1354 adoptionis
1783 1284 1919 1333 sunt
1958 1284 2283 1334 consortes.
2372 1303 2377 1312 ·

479 1359 573 1418 29.
645 1352 987 1413 Notandum
1027 1362 1116 1411 est
1153 1351 1328 1410 etiam
1364 1350 1528 1429 qnod
1566 1348 1831 1421 subiicit,
1880 1350 2005 1409 εὸιω
2038 1346 2594 1411 contundentem„

323 1428 572 1489 venisse.
662 1428 816 1489 Nam
867 1428 982 1488 boc
1033 1439 1123 1488 est
1169 1438 1435 1488 sanctum
1488 1425 1621 1487 fidei
1670 1426 1991 1501 silentium,
2042 1445 2223 1505 quum
2270 1426 2407 1486 Deo
2458 1448 2591 1487 non

307 1504 738 1583 *obstrepentes
775 1502 1001 1595 placide
1037 1503 1376 1584 suscipimus
1456 1502 1694 1583 uicquid
1734 1503 1989 1579 mandat,
2025 1502 2299 1564 adversas-⁴
2324 1501 2591 1565 rationes

323 1600 708 1665 quaecunque
745 1600 810 1643 se
846 1592 1122 1665 ingerant
1158 1578 1370 1663 procul
1406 1600 1441 1641 a
1484 1578 1721 1661 igendo.

489 1744 590 1808 30.
673 1742 844 1811 Tum
885 1738 1242 1815 Cornelius
1283 1744 1403 1820 ait,
1458 1740 1715 1827 Quarto
1769 1740 1853 1809 ab
1905 1740 2057 1809 binc
2098 1740 2207 1808 die
2246 1764 2454 1831 usque
2498 1743 2585 1810 ad

318 1838 488 1907 banc
527 1842 750 1911 horam
797 1868 968 1911 eram
1010 1847 1284 1923 ieiunus,
1325 1853 1390 1907 et
1432 1844 1686 1907 circiter
1726 1842 1951 1910 horam
1991 1866 2229 1911 nonam
2264 1842 2587 1931 precabar

323 1942 502 2010 domi
543 1966 718 2012 mea:
775 1956 840 2011 et
883 1965 1070 2023 ecce,
1123 1947 1223 2009 vir
1261 1943 1437 2007 stetit
1480 1964 1696 2009 coram
1737 1966 1839 2011 me
1882 1948 1951 2011 in
1990 1957 2171 2011 veste
2212 1944 2583 2033 splendida,

317 2044 422 2110 31.
467 2045 602 2131 Qui
645 2043 832 2113 dixit:
877 2044 1172 2123 Corneli,
1215 2043 1508 2112 exaudita
1553 2055 1649 2109 est
1690 2054 1799 2110 tua
1838 2048 2151 2131 precatio,
2188 2058 2257 2113 et
2296 2045 2585 2112 eleemo-

317 2166 525 2231 synae
580 2156 728 2212 tuae
784 2157 1103 2214 venerunt
1153 2147 1223 2210 in
1276 2138 1649 2211 mem'oriam
1707 2166 1922 2211 coram
1977 2145 2151 2213 Deo.
2230 2148 2333 2213 32.
2386 2146 2581 2213 Mitte

313 2246 510 2331 igitur
548 2246 802 2333 Ioppen
845 2258 911 2315 et
953 2266 1210 2311 accerse
1253 2246 1612 2323 Simonem,
1654 2248 1769 2332 qni
1808 2250 2294 2332 cognominatur
2336 2249 2583 2327 Petrus,

317 2344 428 2412 hic
481 2346 826 2434 hospitium
885 2346 1084 2414 babet
1143 2349 1214 2414 iu
1282 2346 1479 2414 domo
1530 2344 1810 2414 Simonis
1878 2349 2189 2415 coriariiz·
2234 2351 2321 2428 ia,
2380 2370 2581 2436 quum

319 2447 604 2528 affuerit,
649 2448 955 2538 loquetur
993 2448 1130 2516 tibi.
1209 2449 1313 2515 33.
1356 2447 1453 2514 Ex
1495 2468 1573 2513 ea
1613 2451 1807 2536 igitur
1845 2449 2009 2514 bora
2046 2452 2187 2514 misi
2232 2447 2315 2514 ad
2357 2462 2453 2528 te,
2501 2471 2579 2515 ac

313 2560 390 2616 tu
427 2537 604 2618 recte
647 2551 872 2630 fecisti,
915 2549 1094 2636 quod
1139 2551 1312 2614 aad&
1367 2549 1564 2616 Nunc
1604 2551 1821 2637 itaque
1862 2572 1985 2616 nos
2026 2571 2251 2617 omnes
2290 2571 2580 2616 assumus

315 2671 535 2718 coram
575 2651 726 2718 Deo
780 2650 865 2718 ad
919 2649 1246 2718 audienda
1297 2652 1543 2730 omnia,
1597 2672 1765 2737 quae
1812 2648 1931 2720 tibi
1986 2672 2025 2715 a
2070 2650 2225 2716 Deo
2276 2651 2579 2717 ordinata

314 2757 483 2817 sunt.

471 2866 630 2941 Quia
675 2864 820 2927 haec
870 2863 1140 2928 Cornelii
1183 2864 1493 2947 responsio
1541 2862 1689 2927 nibil
1776 2874 1969 2929 taeter
2024 2861 2241 2926 nudam
2296 2863 2577 2928 historiae

313 2945 732 3022 repetitionem
793 2941 1092 3035 contine-t,¹
1156 2963 1281 3003 non
1345 2965 1495 3023 opus
1552 2943 1695 3011 erit.
1752 2939 1964 3032 ongius
2029 2940 2095 3002 in
2160 2961 2229 3004 ea
2286 2943 2573 3005 insistere.

307 3018 558 3085 ,Summa
595 3025 686 3078 est
721 3018 882 3098 quod
920 3018 1036 3078 De·
1072 3040 1230 3080 iussu
1267 3019 1511 3080 Petrum
1548 3029 1860 3080 vocaverit.
2366 3073 2373 3080 .

465 3100 560 3160 30.
636 3094 831 3154 Eram
863 3096 1106 3159 iduum.
1194 3095 1384 3190 Multi·
1410 3093 1629 3190 §raeci
1663 3094 1895 3186 epdices
1932 3091 2157 3154 babent
2192 3083 2361 3170 ἤμην,
2399 3095 2573 3159 sede-

311 3170 470 3232 ham.
547 3171 740 3230 Vetus
774 3183 1066 3252 interpres
1105 3189 1324 3232 nomen
1359 3193 1561 3230 seems
1600 3179 1837 3246 omittit,
1876 3169 2192 3261 quod-ego
2233 3192 2438 3234 errore
2475 3171 2575 3234 vel

309 3247 536 3308 incuria
578 3247 793 3308 factum
835 3267 960 3308 esse
997 3259 1175 3328 puto,
1231 3247 1364 3326 quia
1418 3246 1479 3308 in
1532 3245 1805 3307 omnibns
1846 3245 2089 3308 Graecis
2130 3247 2431 3310 codicibus
2472 3271 2577 3310 ex-
2698 3279 2703 3284 ·

357 3323 599 3384 rimitur.
687 3325 882 3386 Porro
923 3323 1138 3384 diserte
1175 3324 1379 3386 ieiunii
1418 3323 1485 3384 fit
1518 3322 1775 3396 mentio,
1813 3324 2021 3404 partim
2060 3333 2128 3382 ut
2162 3325 2407 3386 sciamus
2447 3347 2575 3387 non

310 3345 527 3493 frigide
576 3400 671 3494 vel
709 3400 1092 3493 'defunctorie
1139 3412 1283 3462 tunc
1331 3420 1527 3462 orasse
1567 3398 1948 3492 §lornelium⁹
1998 3399 2329 3494 ⁶⁶.3¹¹.‘¹⁶.¹¹²
2374 3402 2573 3494 minus

309 3476 916 3645 emeatus?
943 3475 2572 3645 sztss‘fzmlf‘ffifucffsssstzoJssss‘sssssssegsfff'ffi'zfiffssffz

308 3640 509 3692 mutu.
587 3631 652 3690 si
699 3629 889 3692 nificat
929 3651 1072 3714 ergo
1115 3631 1465 3705 Cornelius,
1516 3629 1787 3712 angelum
1825 3628 1939 3690 sibi
1977 3651 2343 3710 apparuisse,
2390 3651 2573 3712 quum

309 3706 386 3770 ad
425 3726 640 3788 precan
685 3709 704 3767 i
740 3709 993 3770 studium
1033 3708 1226 3802 probe
1265 3710 1527 3786 intentus
1564 3718 1734 3790 esset,
1777 3727 1844 3766 ac
1882 3717 2141 3766 mentem
2176 3705 2435 3770 solutam
2468 3706 2571 3768 ba-

309 3783 484 3844 beret
521 3783 796 3846 omnibus
832 3784 1497 3866 impedimentisffquae
1537 3802 1649 3844 nos
1687 3783 2179 3863 phantasmatibus
2218 3805 2286 3846 ac
2322 3785 2570 3866 spectris

309 3859 603 3923 obnoxios
642 3863 890 3922 reddere
927 3860 1140 3923 solent.
1217 3860 1447 3922 Eodem
1496 3871 1559 3920 et
1608 3859 1892 3939 temporis
1944 3861 2377 3924 circumstantia
2432 3881 2569 3943 per-

307 3937 494 4014 tinet,
547 3939 709 4018 quod
755 3937 900 4000 illud
949 3937 1161 4001 accidit
1205 3936 1368 4000 claro
1420 3937 1611 3998 adbuc
1629 3935 1758 4050 adie
1806 3933 1967 3996 boris
2012 3935 2203 4020 tribus
2246 3951 2383 3998 ante
2430 3937 2569 4000 solis

488 4040 521 4075 u
587 4059 603 4074 ο

309 4035 595 4152 menw-
627 4093 774 4152 stetit
805 4095 874 4152 iss
905 4106 1053 4152 ueste
1085 4087 1411 4167 splendida.
1488 4090 1697 4150 Virum
1736 4086 2019 4172 appellat,
2074 4109 2251 4168 quem
2298 4091 2411 4152 scit
2460 4111 2573 4150 an·-

355 4167 508 4230 elum
539 4169 664 4230 Dei
703 4169 898 4230 fuisse.
959 4169 1081 4230 Sed
1117 4168 1392 4228 usitatum
1430 4178 1541 4242 est,
1576 4165 1649 4228 ad
1684 4165 1880 4226 Deum
1917 4166 2011 4225 vel
2048 4160 2291 4248 angelos
2329 4165 2568 4230 visibilis

309 4187 572 4320 §on-niae,
609 4244 718 4308 sub
759 4265 874 4338 qua
911 4258 1223 4327 apparent,
1259 4263 1483 4304 nomen
1521 4242 1845 4304 transferri.
1918 4241 2019 4333 Sic
2052 4245 2391 4336 promiscue
2430 4243 2570 4304 Mn-

309 4341 411 4388 scs
451 4343 612 4387 minc
635 4317 928 4390 ‘homne-
971 4343 1134 4389 ωηο
1181 4321 1427 4408 angelos
1474 4317 1761 4405 appellat,
1810 4317 1913 4402 qui
1960 4341 2071 4384 vu·
2118 4331 2257 4386 suant
2290 4319 2569 4384 Abrahae
