2788 4713
384 245 501 312 aaa
939 217 953 224 ’
1170 241 1257 305 m
1294 239 1520 304 ACTA
1555 237 1845 301 aros-r.

388 403 585 466 neque
620 388 777 448 enlm
814 385 875 448 ld
913 381 1183 448 omnibus
1222 381 1418 476 datum
1469 391 1556 443 est
1605 393 1726 444 tam
1761 379 2134 462 praeclarum
2170 379 2348 476 obire
2395 403 2650 446 munus.

386 462 951 604 {331220333‘353
976 473 1215 612 {32:155
1274 457 1800 611 ωοὲἳῗῗῗῖῗῗὲἷ
1833 479 1981 616 ἓῗίξ.
2007 457 2334 608 ffifffflta
2349 461 2664 598 ‘22⁶3'ss

390 635 527 700 acce
569 627 664 675 tae
701 616 917 698 gratiae
954 631 1285 672 mensuram
1318 611 1532 694 singuli
1573 611 1936 686 contineant.
2013 610 2216 686 Quare
2254 631 2378 672 non
2417 611 2654 674 frustra
2723 669 2734 682 ,

436 711 541 751 ecu
566 693 678 750 iare
718 687 969 752 docendi
1006 709 1213 747 munus
1254 706 1376 748 esse
1414 701 1842 748 commemorat
1860 689 2066 761 Lucas,
2104 707 2180 748 ne
2261 687 2352 749 uis
2377 687 2469 748 vel
2511 709 2652 748 am·-

434 768 643 839 itione,
684 787 859 847 quum
898 764 1138 826 facultas
1177 763 1345 840 desit,
1383 762 1478 824 vel
1514 763 1945 824 inconsiderato
1983 763 2139 840 zelo,
2177 781 2248 823 ve
2305 763 2484 826 stulta
2527 763 2652 828 alia

396 843 709 924 cupiditate
753 859 1054 924 emergere
1093 861 1165 905 cu
1209 840 1334 900 iens
1373 839 1652 902 ecclesiae
1689 840 1956 902 ordinem
1995 838 2214 902 turbet.

542 915 863 996 Prophetae
898 930 1081 977 mni.
1228 937 1362 974 uum
1399 915 1584 976 varias
1627 915 2080 996 significationes
2135 915 2348 976 habeat
2384 935 2644 992 nomen,

392 1013 518 1054 non
555 996 799 1056 sumitur
837 995 949 1054 boc
988 991 1121 1052 loco
1163 1012 1270 1071 pro
1312 991 1569 1066 vatibus,
1625 992 1832 1071 quibus
1883 1012 1974 1052 res
2027 989 2248 1051 suturas
2295 991 2650 1073 praedicere

394 1071 591 1132 datum
631 1083 801 1147 esset,
823 1070 955 1149 quia
992 1089 1195 1147 parum
1215 1079 1554 1158 opportune
1590 1068 1994 1148 interpositum
2021 1079 2175 1128 esset
2209 1067 2324 1128 boc
2351 1067 2647 1150 elogium,

392 1146 499 1210 nbi
536 1147 643 1209 alia
684 1149 757 1207 de
794 1157 859 1206 re
897 1145 1114 1226 agitur:
1153 1143 1257 1204 sed
1294 1144 1569 1226 intelligit
1603 1144 1812 1218 Lucas,
1851 1145 2048 1205 eximia
2083 1145 2494 1223 mysteriorum
2521 1145 2646 1204 Dei

394 1219 783 1304 intelligentia
821 1219 1021 1280 Iudam
1062 1232 1122 1278 et
1162 1217 1342 1280 Silam
1382 1219 1555 1289 fuisse
1635 1219 1918 1295 raeditos,
1967 1233 2032 1280 ut
2073 1231 2264 1280 essent
2302 1220 2474 1300 probi
2515 1219 2644 1280 Dei

394 1298 551 1360 inter
595 1296 777 1372 retes,
834 1291 1319 1372 quemadmodum
1372 1306 1434 1356 et
1482 1242 1694 1356 Paulus
1743 1297 1791 1355 1.
1844 1296 1983 1358 Cor.
2025 1302 2133 1368 14,
2181 1303 2268 1370 3.,
2318 1314 2498 1377 quum
2563 1295 2648 1356 de

396 1319 710 1468 proplietia
765 1373 992 1434 disserit
1042 1383 1103 1432 et
1152 1371 1273 1432 aliis
1326 1372 1599 1432 omnibus
1649 1371 1821 1433 donis
1879 1373 2165 1452 praestrt,
2225 1392 2346 1431 non
2396 1372 2646 1434 adducit

396 1471 458 1514 m
500 1448 751 1510 medium
791 1447 1053 1528 vaticinia
1076 1447 1166 1508 vel
1206 1450 1656 1531 praedictiones,
1695 1449 1795 1508 sed
1836 1449 1906 1508 ab
1949 1447 2061 1519 hoc
2100 1447 2292 1507 fructu
2331 1468 2646 1509 commen-

384 1527 517 1602 dat,
596 1525 710 1585 uod
750 1524 1034 1598 doctrina,
1076 1523 1501 1600 exhortatione,
1541 1535 1601 1583 et
1639 1524 2040 1584 consolatione
2078 1523 2390 1584 Ecclesiam
2432 1525 2644 1584 aedifi-

380 1612 515 1682 cet.
624 1621 661 1660 n
702 1599 855 1660 bunc
894 1602 1131 1662 modum
1154 1599 1339 1660 Lucas
1371 1601 1836 1686 esbon-tationem
1864 1601 2119 1684 assignat
2133 1599 2448 1680 Prophetis
2473 1601 2644 1682 quasi

404 1677 777 1762 praecipuam
820 1675 1001 1736 officii
1038 1686 1280 1756 partem.

550 1759 644 1820 33.
720 1752 965 1812 Dimissi
996 1765 1128 1810 smus
1160 1771 1291 1812 cum
1316 1763 1490 1828 paca
1565 1751 1698 1812 Hoc
1739 1762 1846 1826 est,
1927 1773 2062 1811 uum
2094 1751 2478 1827 discederent,
2517 1751 2644 1814 fra-

400 1839 521 1892 tres
558 1828 934 1892 valedicendo
974 1828 1127 1888 bene
1164 1829 1275 1890 illis
1312 1828 1536 1908 precati
1573 1840 1730 1903 sunt,
1770 1839 1836 1887 ut
1915 1828 2001 1894 eri
2039 1828 2194 1888 inter
2224 1829 2442 1889 amicos
2467 1827 2640 1890 solet.

398 1907 509 1968 Est
546 1919 736 1968 autem
774 1904 1141 1986 synecdoche
1182 1904 1241 1964 in
1278 1903 1396 1965 boc
1435 1903 1728 1964 membro:
1769 1903 1900 1984 quia
1940 1923 2009 1963 ex
2047 1904 2276 1966 duobus
2315 1903 2465 1966 alter
2501 1916 2644 1965 tan-

398 1995 524 2042 tum
575 1981 1041 2062 Hierosolymam
1092 1981 1355 2042 reversus
1403 1986 1532 2039 est.=
1601 1980 1680 2038 Et
1725 1980 1785 2038 in
1833 1991 2106 2040 contextu
2153 2001 2287 2041 mox
2329 1980 2644 2058 subiicitur

402 2059 733 2132 correctio,
774 2057 935 2136 quod
971 2057 1156 2118 visum
1200 2056 1356 2124 Silae
1391 2055 1574 2115 fuerit
1608 2053 1726 2115 illic
1767 2074 2032 2116 manere:
2073 2057 2174 2116 sed
2215 2077 2388 2138 quum
2431 2058 2640 2118 ambos

399 2135 621 2194 coniun
668 2134 712 2193 it
732 2135 937 2204 Lucas,
974 2143 1196 2192 tantum
1222 2133 1437 2192 docere
1462 2131 1592 2190 vult
1628 2143 1765 2191 ante
1804 2143 2060 2210 pacatam
2103 2132 2274 2192 fuisse
2314 2132 2642 2210 ecclesiam,

402 2231 574 2292 quam
614 2212 629 2228 ‘
659 2211 697 2272 li
738 2210 811 2269 de
831 2209 1115 2269 redituco
1164 2208 1377 2276 ‘tarint
1455 2207 1720 2268 Tandem
1743 2208 1902 2268 addit
1923 2207 2166 2268 Paulum
2207 2219 2266 2268 et
2289 2209 2640 2286 Bar-naham,

404 2289 675 2369 quamdiu
723 2285 1071 2346 Antiochiae
1116 2227 1389 2361 Ferunt,
1438 2283 1694 2344 intentos
1743 2283 1920 2344 fuisse
1972 2285 2040 2343 ad
2091 2284 2414 2349 docendum
2467 2297 2528 2345 et
2575 2287 2636 2347 in

401 2364 517 2425 hoc
544 2382 724 2445 opere
752 2363 1026 2435 assiduos,
1066 2372 1125 2421 et
1162 2374 1354 2425 tamen
1397 2361 1591 2423 locum
1630 2360 1750 2421 aliis
1773 2381 1901 2421 com
1945 2360 2166 2421 lui-ibus
2200 2362 2370 2421 simul
2393 2362 2634 2424 dedisse.

401 2440 489 2499 Ex
526 2462 643 2521 quo
685 2450 926 2521 apparet
961 2439 1114 2498 idem
1156 2438 1282 2499 sine
1323 2438 1716 2499 aemulatione
1739 2438 1898 2497 omni
1945 2459 2008 2496 us
2051 2438 2224 2499 fuisse
2263 2438 2536 2513 studium,
2575 2452 2638 2501 et

402 2518 465 2578 in
506 2518 764 2577 medium
802 2514 1113 2575 contulisse
1151 2535 1279 2574 suas
1302 2532 1504 2594 operas
1543 2526 1610 2573 ut
1643 2514 2013 2593 prodessent:
2055 2514 2384 2593 quanquam
2401 2516 2476 2574 de
2512 2516 2638 2577 aliis

406 2593 807 2675 compluribus
848 2590 1119 2651 consulto
1155 2590 1385 2651 videtur
1425 2590 1570 2649 facta
1612 2590 1864 2664 mentio,
1911 2608 1985 2648 ne
2036 2602 2301 2670 putemus
2340 2592 2637 2652 ecclesiam

404 2668 563 2731 illam
602 2668 769 2731 Pauli
818 2680 878 2727 et
915 2665 1216 2729 Barnabae
1255 2666 1506 2727 discessu
1559 2664 1732 2726 fuisse
1769 2665 2087 2739 desertam,
2133 2680 2281 2745 quae
2329 2667 2638 2729 doctorum

406 2748 575 2827 copia
613 2743 882 2807 florebat.
960 2743 1056 2802 Ad
1096 2743 1234 2803 baec
1274 2742 1605 2803 celebratur
1650 2740 1860 2802 iterum
1900 2741 2014 2801 Dei
2065 2742 2434 2818 benedictio,
2491 2764 2641 2823 quae

406 2824 467 2881 in
520 2822 760 2882 ecclesia
819 2819 919 2879 illa
966 2837 1101 2879 mox
1160 2818 1437 2897 reviguit,
1497 2818 1558 2877 in
1607 2840 1722 2899 qua
1766 2818 2142 2894 tristissimam
2205 2817 2640 2901 dissipationem

406 2898 583 2959 Satan
622 2917 731 2981 per
766 2915 901 2959 suos
940 2912 1133 2977 nuper
1168 2894 1403 2955 molitus
1445 2894 1648 2959 fuerat.
1931 2938 1939 2942 -
2015 2944 2046 2977 ³,
2265 2926 2272 2933 ·

568 3050 670 3115 36.
752 3050 910 3115 Post
950 3034 1195 3135 aliquot
1236 3058 1446 3114 autem
1489 3048 1634 3115 dies'
1671 3049 1828 3116 dixit
1869 3048 1953 3115 ad
1991 3049 2351 3144 ΙΒειιᾞεὸειιιι
2385 3047 2640 3131 Paulus,

404 3152 833 3217 Revertentes
883 3151 1007 3215 iam
1048 3149 1373 3213 visitemus
1427 3148 1658 3215 fratres
1697 3160 1955 3216 nostros
2008 3172 2127 3237 per
2166 3172 2388 3217 omnes
2423 3153 2640 3217 civita-

404 3262 519 3329 tes,
560 3252 629 3315 in
664 3248 899 3335 quibus
941 3251 1452 3313 annuntiavimus
1491 3272 1848 3317 sermonem
1875 3250 2157 3331 Domini,
2197 3250 2523 3337 quomodo
2567 3274 2637 3317 sc

402 3350 698 3417 babeant.
779 3350 879 3415 37.
936 3347 1265 3414 Barnabas
1307 3360 1514 3417 autem
1561 3350 1968 3429 consulebat,
2032 3361 2104 3415 ut
2159 3362 2504 3417 assumeret
2541 3352 2644 3419 Io-

408 3472 667 3530 annem,
711 3459 1141 3536 cognomento
1182 3451 1501 3517 Marcum:
1572 3452 1674 3517 38.
1715 3450 1952 3517 Paulus
2003 3462 2210 3515 autem
2253 3448 2640 3537 deprecaba-

404 3562 525 3632 tur,
555 3573 639 3617 ne
668 3554 739 3631 is,
776 3553 887 3637 qui
912 3548 1257 3617 defecisset
1281 3548 1363 3618 ab
1384 3552 1540 3637 ipsis
1565 3574 1642 3617 ex
1669 3548 2065 3637 Pamphylia,
2105 3572 2230 3617 nec
2255 3553 2472 3619 ivisset
2501 3576 2641 3620 cum

406 3653 500 3716 eis
542 3655 613 3731 in
652 3674 844 3739 opu3,
896 3648 1086 3715 simul
1140 3664 1580 3719 assumeretur.
1673 3646 1774 3717 39.
1828 3650 1990 3715 Tam
2043 3653 2208 3716 acris
2261 3662 2470 3717 autem
2523 3652 2643 3717 fuit

400 3754 569 3819 inter
617 3774 731 3819 eos
774 3752 1184 3839 disceptatio,
1238 3762 1309 3817 ut
1350 3752 1514 3817 alter
1569 3748 1650 3817 ab
1691 3738 1897 3817 altero
1939 3748 2329 3816 discederet:
2389 3762 2452 3817 et
2491 3752 2645 3817 Bar-

402 3851 604 3919 nabas
636 3851 913 3939 quidem,
944 3861 1265 3937 assumpto
1290 3852 1896 3937 Marco,.navigaret
1925 3854 1990 3916 in
2012 3848 2328 3938 Cyprum.
2365 3850 2467 3916 40.
2488 3852 2646 3919 Pau-

400 3952 503 4019 lus
558 3962 765 4018 autem
808 3950 1043 4019 allecto
1086 3950 1217 4016 Sila
1266 3950 1598 4037 profectus
1659 3960 1782 4031 est,
1835 3949 2104 4017 traditus
2156 3952 2398 4037 gratiae
2437 3952 2568 4017 Dei
2611 3976 2648 4018 a

408 4052 732 4121 fratribus.
812 4050 913 4117 41.
956 4046 1456 4117 Perambulahat
1497 4063 1706 4120 autem
1747 4050 2004 4139 Syriam
2043 4072 2119 4117 ac
2143 4048 2462 4133 Ciliciam,
2495 4074 2646 4119 con-

406 4153 674 4221 firmans
720 4148 1045 4217 ecclesias.

555 4272 655 4331 36.
732 4262 1061 4323 Imm
1080 4264 1335 4347 flou-ea.
1413 4264 1498 4359 In·
1523 4264 1632 4327 hac
1669 4268 1911 4361 historia
1947 4268 2138 4361 primo
2181 4264 2502 4359 notandum
2539 4278 2648 4357 est,

402 4360 583 4423 quam
618 4339 827 4403 sedulo
865 4338 1079 4403 Paulus
1116 4360 1227 4447 pro
1268 4340 1526 4406 ecclesus
1565 4359 1703 4425 quas
1741 4344 1997 4407 instituit
2034 4354 2110 4407 sit
2145 4342 2441 4408 sollicitau-
2517 4342 2646 4407 Uti-

2777 1207 2779 1262 <
