2788 4713
1113 261 1390 328 CAPUT
1428 262 1535 331 Π.
1575 281 1586 290 ·
2373 278 2451 344 81

173 406 1996 577 aarum„ffizifitssfflsssszrzssffizzzcstez&
2010 426 2449 573 ’Ξεῖξῑεῗεηῑῖ

175 566 323 647 quia
365 564 484 627 hoc
523 563 701 647 longe
740 561 1128 644 praestantius
1169 562 1304 638 fuit,
1343 580 1518 643 quam
1556 562 1605 624 si
1645 564 1817 646 pauci
1858 564 2121 627 homines
2170 582 2443 635 mutuum

173 659 536 703 consensum
589 639 889 701 baberent.
979 638 1246 699 Antehac
1295 650 1489 699 autem
1538 639 1792 700 narravit
1838 639 2080 702 crevisse
2133 645 2437 709 ecclesiam

175 713 1044 854 tzsstssssdfffl‘ffiffi'jssa
1084 714 2436 861 3”33222‘51‘3235'⁰ffi³22¹50‘z²b2³³2¹{⁰¹3551.fz¹21

177 868 292 929 bet
353 870 523 943 fides,
585 867 810 928 animos
859 867 940 927 ita
981 869 1148 928 conci
1177 869 1256 928 iat
1326 879 1394 927 ut
1434 866 1589 927 idem
1627 886 1831 929 omnes
1872 869 2055 929 velint
2106 889 2139 927 e
2218 875 2430 937 nolint.

183 944 354 1005 Hinc
391 946 544 1005 enim
585 944 947 1018 discordiae,
1035 943 1149 1004 uod
1191 964 1314 1003 non
1354 946 1615 1025 regimur
1662 944 1873 1004 eodem
1916 944 2135 1005 Christi
2186 948 2432 1029 Spiritu.

191 1018 404 1081 cordis
435 1034 489 1079 α
521 1024 750 1081 animae
789 1021 1013 1081 nomini
1061 1040 1123 1080 us
1183 1020 1324 1080 satis
1370 1032 1575 1080 notum
1627 1030 1714 1081 est
1760 1020 2117 1081 voluntatem
2172 1022 2439 1087 indicari.

187 1097 348 1173 Quia
385 1116 520 1157 vero
559 1116 733 1179 saepe
771 1096 1033 1178 improbi
1071 1095 1130 1155 in
1171 1095 1382 1156 malum
1426 1097 1786 1177 conspirant,
1823 1088 1959 1158 ideo
1999 1106 2197 1160 sancta
2237 1100 2350 1162 suit
2373 1110 2435 1165 et

181 1172 488 1234 laudabilis
527 1174 671 1234 baec
707 1173 1046 1245 concordia,
1083 1172 1218 1252 'quia
1261 1173 1443 1255 viguit
1482 1173 1639 1233 inter
1674 1174 1997 1233 credentes.

333 1248 520 1309 Nemo
554 1252 858 1331 quicquam
892 1270 1106 1307 eorum.
1185 1249 1318 1309 Hoc
1364 1250 1681 1310 secundum
1724 1262 1811 1310 est
1862 1244 2220 1326 membrum,
2272 1252 2435 1335 quod

181 1326 482 1387 caritatem
524 1326 774 1385 externis
831 1324 1044 1387 officiis
1103 1323 1413 1385 coluerint.
1494 1325 1699 1400 Qualis
1760 1346 1943 1408 porro
2000 1326 2191 1387 fuerit·
2240 1329 2435 1391 bono·

175 1424 308 1462 rum
351 1402 828 1473 communicatio,
865 1422 998 1461 mox
1035 1400 1374 1461 videbimus.
1452 1402 1585 1461 Hoc
1622 1422 1779 1461 nunc
1820 1404 1877 1461 in
1920 1414 2196 1463 contextu
2218 1405 2429 1467 ‘Lucae

175 1489 393 1539 notare
433 1497 652 1559 operae
691 1478 942 1559 pretium
983 1487 1092 1552 est,
1132 1477 1289 1557 quod
1327 1478 1631 1558 praecedit
1668 1477 1915 1538 interior
1950 1482 2272 1541 animorum
2296 1482 2431 1542 uni-

175 1566 276 1691 ἔὲἰ
308 1553 2432 1694 &tqssffirfflsstet‘ffisttz0252⁰⁶0²055¹¹15²2÷÷m2²‚izttl’sssssffid‘zniss‘

176 1728 328 1783 mus,
367 1707 582 1767 deinde
619 1719 686 1767 ut
726 1673 928 1767 caritiis
967 1716 1170 1767 nostra
1206 1706 1267 1765 in
1307 1718 1580 1767 externos
1608 1706 1852 1767 effectus
1877 1726 1937 1765 se
1963 1706 2240 1789 proferat.
2280 1712 2428 1771 Nam

177 1795 242 1843 et
279 1794 522 1843 externa
560 1782 946 1843 beneficentia
985 1783 1095 1842 nisi
1133 1782 1354 1843 oriatur
1389 1802 1459 1841 ex
1498 1782 1697 1856 corde,
1736 1782 1897 1844 nihili
1932 1795 2021 1843 est
2050 1804 2245 1845 eoram
2267 1786 2425 1847 Deo.

175 1858 257 1919 Et
296 1860 510 1921 frustra
551 1860 624 1919 de
663 1871 828 1920 recto
867 1858 1084 1919 affeetu
1123 1859 1462 1941 gloriamur,
1504 1858 1613 1918 nisi
1656 1859 1715 1919 in
1758 1861 2005 1920 externis
2054 1860 2267 1923 officiis
2320 1882 2426 1943 ap-

177 1948 383 2018 pareat
423 1937 545 1996 cius
580 1935 998 1996 testimonium.
1076 1934 1421 1995 subindicat
1460 1936 1629 1995 etiam
1668 1934 1850 1995 Lucas
1890 1956 2010 1996 non
2054 1935 2224 1997 fuisse
2277 1959 2424 1999 con·

177 2012 390 2074 cordes
427 2032 538 2095 pro
585 2012 705 2072 riae
749 2010 1008 2073 utilitatis
1048 2023 1338 2093 respectu,
1378 2032 1557 2092 quum
1596 2011 1798 2073 divites
1820 2010 2142 2073 liberaliter
2158 2034 2260 2075 sua
2288 2030 2427 2076 ero-

175 2089 376 2173 gando
415 2032 580 2151 nihil,
601 2088 788 2149 minus
829 2108 999 2169 quam
1041 2086 1261 2148 lucrum
1301 2100 1619 2169 captarent.

329 2170 428 2231 33.
503 2165 588 2224 131
620 2186 838 2241 magna
871 2167 1090 2223 viv-me.
1167 2164 1300 2225 Hoc
1348 2165 1585 2225 tertium
1623 2162 1948 2225 membrum
1986 2164 2058 2226 ad
2098 2162 2423 2229 doctrinam

179 2252 425 2322 spectat.
503 2240 808 2324 Significat
857 2242 1013 2301 enim
1051 2240 1266 2312 Lucas,
1315 2240 1463 2302 adeo
1506 2262 1627 2301 non
1676 2244 2041 2301 imminutum
2088 2242 2262 2303 fuisse
2310 2239 2425 2305 zeli

180 2317 474 2378 servorem
511 2319 570 2379 in
610 2316 908 2400 Apostolis
957 2315 1029 2377 ad
1066 2316 1517 2399 praedicandum
1554 2317 1961 2400 Evangelium,
2009 2329 2074 2378 ut
2122 2338 2271 2394 noga
2312 2340 2425 2400 po-

177 2394 296 2454 tius
333 2394 448 2454 illis
483 2395 660 2458 virtus
700 2395 1024 2456 accesserit.
1105 2393 1290 2469 Quod
1325 2393 1511 2454 solam
1551 2392 1768 2454 Christi
1804 2395 2271 2453 resurrectionem
2308 2415 2423 2456 no-

181 2470 386 2542 minat,
425 2481 512 2530 est
545 2493 572 2530 a
611 2471 941 2532 necdocbet
993 2470 1134 2530 baec
1173 2471 1330 2529 enim
1367 2489 1499 2549 pars
1537 2489 1647 2549 pro
1702 2479 1834 2529 toto
1882 2469 2205 2551 Evangelio
2252 2469 2428 2550 poni-

179 2555 302 2605 tur.
379 2544 497 2604 Sed
584 2567 616 2606 e
653 2547 776 2607 sola
813 2546 1244 2608 resurrectIone
1283 2545 1419 2606 ideo
1457 2545 1724 2604 meminit
1761 2545 1981 2620 Lucas,
2025 2549 2159 2626 quia
2200 2557 2289 2606 est
2322 2565 2427 2606 ve·-

179 2619 294 2681 luti
330 2621 630 2704 Evangelii
667 2621 1188 2704 complementum,
1238 2621 1452 2682 deinde
1505 2620 1668 2701 quod
1706 2622 1827 2680 eius
1867 2641 2033 2682 causa
2086 2641 2165 2680 uu
2212 2641 2277 2680 er
2326 2643 2425 2681 su·-

176 2697 516 2758 ninuerant
556 2718 726 2782 grave
773 2711 1100 2774 certamen,
1151 2710 1212 2759 et
1247 2718 1374 2759 eam
1413 2697 1735 2780 aegerrime
1774 2696 2042 2759 ferebant
2078 2695 2157 2756 Sa
2202 2697 2427 2776 ducaei,

179 2773 284 2855 qui
319 2785 464 2836 tunc
501 2793 692 2835 rerum
729 2776 1121 2856 potiebantur.

331 2849 678 2932 Magnaque
703 2855 922 2928 gratia.
998 2849 1320 2933 Significat,
1357 2869 1484 2910 non·
1522 2870 1725 2930 parum
1762 2848 1881 2910 boc
1916 2845 2161 2910 valuisse
2198 2847 2271 2910 ad
2311 2849 2439 2910 do-.

177 2927 402 2988 ctrinae
441 2929 945 3010 propagationem,
984 2929 1143 3008 quod
1183 2926 1441 3010 benigne
1480 2947 1761 3008 pauperes
1794 2926 2051 2996 iuvando
2092 2925 2245 3007 apud
2278 2925 2423 2986 alie-

175 3025 287 3065 nos
326 3024 564 3085 quoque
603 3004 850 3100 gratiam
887 3026 953 3065 ac
993 3006 1272 3066 uirerent.
1349 3001 1647 3064 Amabiles
1697 3003 1852 3063 enim
1904 3002 2078 3064 fuisse
2128 3002 2297 3078 dicit,
2348 3023 2425 3064 eo

178 3079 338 3160 quod
376 3080 626 3144 benefici
666 3091 876 3142 essent.
953 3025 1158 3162 ftaque
1207 3081 1270 3140 in
1319 3078 1411 3140 his
1448 3079 1670 3156 verbis,
1733 3081 1871 3140 Non
1932 3090 2058 3139 erat
2121 3079 2424 3160 quisquam

177 3175 358 3238 egens
394 3157 552 3218 inter
590 3177 713 3235 eos,
755 3169 844 3218 est
883 3177 1081 3218 causae
1120 3156 1392 3217 redditio.
1442 3154 1819 3236 ,Quanquam
1874 3152 2113 3215 dubium
2154 3175 2273 3215 non
2319 3167 2427 3230 est,

262 3233 322 3292 in
369 3233 630 3312 prQitas
679 3235 852 3294 etiam
902 3243 964 3293 et
1014 3232 1394 3314 temperantia
1455 3243 1516 3293 et
1563 3233 1847 3292 modestia
1894 3242 1955 3291 et
1998 3232 2315 3292 tolerantia
2364 3241 2427 3291 et

175 3307 326 3370 aiae
361 3309 606 3370 virtutes
643 3308 962 3370 multorum
995 3309 1264 3370 flexerint
1298 3309 1522 3369 animos
1558 3307 1632 3368 ad
1655 3306 2141 3368 benevolentiam.
2209 3307 2427 3368 Postea

179 3383 362 3464 qualis
401 3385 581 3446 suerit
617 3385 714 3447 illa
753 3386 1049 3447 bonorum
1087 3385 1539 3447 communicatio
1580 3405 1751 3464 quam
1792 3384 2079 3464 attigerat,
2120 3382 2284 3444 latius
2326 3403 2427 3444 ex-

176 3461 374 3540 ponit:
424 3461 588 3553 que-d
633 3460 856 3554 scilicet
891 3483 1064 3546 agros
1102 3483 1238 3524 auos
1277 3483 1354 3522 ac.
1392 3460 1599 3522 domos
1647 3459 2017 3521 vendiderint
2065 3459 2301 3537 divitea,
2359 3469 2429 3520 ut

173 3549 1233 3695 μηρὲίῴὴᾜιῧεοῗξεὲῗᾞαῖἲι
1266 3611 1621 3692 Quanquam
1656 3609 1991 3674 universalis
2017 3621 2105 3702 est
2128 3608 2425 3692 loquutio‚

173 3705 302 3748 non
337 3699 530 3750 tamen
572 3690 700 3772 plus
737 3691 890 3752 valet
927 3711 1094 3772 quam
1135 3689 1453 3749 indefinita.
1522 3687 1599 3748 Et
1628 3700 1786 3748 certe
1810 3687 2114 3780 probabile
2139 3700 2227 3748 est
2250 3687 2427 3748 fuisse

175 3761 414 3840 multos,
517 3769 576 3827 ui
631 3769 1029 3849 possessiones
1080 3787 1206 3828 suas
1253 3786 1376 3826 non
1426 3766 1756 3847 attigerint
1806 3765 1983 3844 idque
2034 3785 2103 3824 ex
2149 3775 2427 3824 contextu

173 3850 375 3920 potest
411 3787 630 3928 colligi.
708 3846 1030 3906 Nam.mox
1069 3859 1246 3922 quum
1285 3841 1360 3905 de
1396 3841 1534 3902 lose
1566 3841 1858 3922 loquitur,
1894 3861 2017 3902 non
2058 3839 2295 3899 dubium
2336 3849 2427 3897 est

219 3917 320 3976 uin
359 3919 741 3981 memorabile
779 3942 920 4004 prae
958 3918 1080 3980 aliis
1120 3911 1443 4005 exemplum
1474 3929 1678 3979 notare
1704 3917 1976 3978 voluerit.
2026 3917 2118 3998 ³Er·
2162 3933 2424 3974 oomnea

175 3936 383 4054 iecisse
423 3994 581 4071 dicit,
620 3995 782 4090 quod
819 3995 1028 4078 passim
1065 4014 1096 4055 a
1135 3991 1328 4054 multis
1374 3994 1569 4055 fiebat.
1644 3993 1850 4086 Neque
1902 3991 2014 4053 boc
2062 3991 2133 4052 ab
2180 3999 2341 4050 orret
2390 4007 2425 4048 a

175 4071 477 4132 communi
519 4072 856 4154 Scripturae
895 4093 1018 4132 usu.
1092 4069 1325 4130 Deinde
1362 4089 1487 4131 non
1536 4068 1809 4150 intelligit
1834 4069 2053 4128 fideles
2102 4063 2427 4126 vendiditse

177 4145 459 4227 quicquid
497 4147 836 4222 habuerint,
867 4148 974 4209 aed
1012 4157 1290 4227 quantum
1329 4146 1595 4229 exigebat
1628 4145 1965 4228 necessitas„
2016 4140 2429 4222 Amplificaudi

177 4221 336 4282 enim
399 4229 568 4286 cau'sa
626 4219 744 4284 boc
798 4224 1018 4284 dictum
1068 4234 1185 4296 est,
1234 4221 1399 4302 quod
1448 4223 1653 4284 divites
1701 4243 1825 4283 non
1857 4242 1933 4294 ⁸ex
1968 4226 2162 4289 ann'uo
2202 4227 2431 4304 tantum

175 4317 208 4356 a
285 4319 456 4361 orum
495 4311 788 4382 proventu
825 4298 1073 4361 levarint
1119 4298 1364 4360 fratrum
1423 4299 1737 4378 inopiam,'
1764 4297 1865 4358 sed
1906 4300 2191 4372 'eousque
2252 4289 2431 4353 fuisse

175 4369 222 4432 li
267 4375 474 4453 eralea,
507 4387 582 4436 ιιι
614 4395 694 4437 ne
730 4377 882 4460 agria
921 4375 1156 4456 quidem
1189 4371 1797 4455 pepercerinessuw
1818 4367 2428 4448 ahtemffien'potuit,

229 4469 422 4520 eamd
448 4483 696 4524 comm
713 4475 765 4524 Ιιι
782 4474 1083 4534 mapon.
1794 4453 1837 4511 6
2288 4487 2293 4492 ¹
