2788 4713
324 232 443 297 110
524 260 542 271 „
942 224 960 253 ·
1010 234 1016 242 ,
1119 196 1208 279 m
1246 214 1474 279 ACTA
1510 212 1804 281 Aros‘r.

330 378 527 431 vatum
566 362 763 431 fuisse·
780 376 1103 447 paucorum
1154 361 1400 438 crimen,
1437 382 1574 439 nam
1621 357 1696 423 ad
1739 370 1930 421 totum
2025 358 2270 442 opulum
2315 358 2508 441 pertin
2554 358 2601 421 't

238 508 247 522 ,
335 444 600 519 infamia,
642 464 819 523 quum
856 438 1230 501 Patriarchae
1270 458 1476 499 omnes
1515 458 1651 497 exce
1697 448 1760 497 to
1809 458 1933 497 uno
1973 380 2024 497 Β
2108 438 2122 452 “

339 522 435 583 dia
475 520 573 579 illa
610 519 785 580 simul
822 515 1163 598 polluerint.
1260 515 1470 595 Itaque
1509 536 1626 593 quo
1709 514 2042 575 honorifico
2081 516 2324 575 nomine
2365 534 2466 574 eos
2507 514 2600 574 di·-

336 608 554 683 gnatur
578 596 929 675 Stephanus,
967 592 1027 652 id
1067 592 1131 652 in
1168 593 1448 653 maiorem
1489 592 1680 673 gentis
1703 590 2090 672 ignominiam
2113 591 2422 653 redundat.
2481 590 2602 649 Su-

336 674 523 755 perbe
559 672 855 736 iactabant
889 683 1085 761 patres
1122 690 1276 731 suos.
1332 668 1556 743 Quales
1585 667 1808 727 suerint
1839 689 2044 729 eorum
2068 668 2370 749 praecipui
2399 678 2602 727 osten-

336 752 459 825 dit,
499 768 711 829 nempe
750 747 1081 809 fratricidae
1120 757 1400 838 quantum
1443 745 1508 805 in
1556 744 1692 825 ipsis
1744 756 1886 805 erat.
1969 745 2392 824 Praeterquam
2439 744 2604 803 enim

424 826 500 905 od
538 825 785 886 servitus
824 835 951 885 erat
986 834 1192 884 mortis
1230 822 1486 901 species,
1531 822 1746 881 scimus
1805 820 1946 901 quid
1991 822 2165 881 initio
2233 821 2604 903 agitaverint,

380 902 553 963 einde
620 922 795 981 quam
846 901 1068 961 atrocia
1128 898 1415 979 supplicia
1473 916 1784 979 perpessus
1833 898 2013 959 suerit
2061 898 2300 977 Ioseph,
2345 916 2601 977 quorum

338 982 603 1043 omnium
640 979 729 1038 rei
770 988 939 1037 erant
973 975 1205 1037 fratres.
1281 974 1441 1035 Hine
1497 976 1871 1056 perspicuum
1927 984 2014 1035 est
2049 974 2248 1034 Deum
2339 972 2466 1041 uasi
2505 972 2604 1031 in-

338 1058 469 1119 vitis
530 1066 591 1115 et
645 1054 1109 1137 repugnantibus
1172 1050 1494 1134 benignum
1547 1073 1612 1111 ae
1667 1051 1998 1113 beneficum
2039 1052 2234 1111 fuisse.
2367 1069 2458 1111 am
2499 1048 2606 1129 qui

336 1134 567 1197 futurus
606 1144 732 1191 erat
768 1131 967 1191 salutis
1000 1128 1303 1202 minister,
1343 1149 1479 1188 eum
1518 1128 1865 1188 exstinctum
1915 1148 1982 1189 ac
2028 1126 2324 1208 perditum
2373 1125 2604 1187 volunt.

341 1210 545 1285 Quare
602 1228 711 1288 per
750 1227 851 1267 eos
889 1227 1013 1266 non
1060 1217 1177 1265 stat
1266 1204 1369 1264 uin
1419 1206 1694 1265 omnibus
1731 1205 1850 1265 Dei
1899 1204 2199 1265 beneficiis
2237 1203 2605 1263 renuntient.

340 1288 670 1367 Siepostea
706 1284 864 1343 dicet
902 1282 1189 1343 reiectum
1256 1284 1405 1343 uisse
1445 1282 1679 1360 Mosen,
1720 1303 1900 1363 quum
1939 1280 2172 1341 oblatus
2215 1290 2368 1339 esset
2404 1300 2436 1339 a
2463 1277 2604 1339 Deo

336 1362 696 1442 redemptor.
772 1360 910 1422 Non
951 1369 1040 1419 est
1076 1358 1261 1441 igitur
1298 1358 1457 1439 quod
1499 1359 1733 1439 generis
1771 1361 1859 1422 sui
1880 1357 2236 1438 praestantia
2257 1354 2610 1435 superbiant

336 1439 563 1511 Iudaei,
598 1436 702 1497 sed
742 1435 857 1495 boc
894 1435 1006 1495 illis
1042 1435 1607 1517 tantum‘residuum
1647 1446 1755 1509 est,
1792 1446 1860 1495 ut
1939 1434 2126 1495 udore
2165 1432 2394 1493 confusi
2433 1432 2607 1511 quic-

382 1514 480 1575 uid
520 1525 657 1573 sunt
692 1513 805 1573 uni'
832 1512 951 1572 Dei
1006 1512 1440 1573 misericordiae
1497 1525 1806 1592 acceptum
1904 1522 2100 1587 erant,
2175 1522 2236 1571 et
2297 1508 2612 1569 attendant

336 1612 463 1653 eius
500 1588 873 1651 illustrandae
912 1610 1080 1649 causa
1118 1588 1311 1650 datam
1350 1607 1476 1649 esse
1514 1586 1570 1647 le
1615 1610 1727 1647 em.

488 1666 633 1726 Fuit
668 1664 834 1727 Deus
869 1664 1183 1733 cumulo«
1234 1666 1391 1726 Non·
1424 1665 1508 1725 ita
1547 1686 1578 1725 a
1635 1666 1719 1725 uit
1758 1664 1844 1725 illi
1881 1664 2045 1725 Deus
2093 1675 2166 1723 ut
2199 1681 2434 1742 semper
2479 1660 2608 1722 vir-

332 1756 525 1807 tutem
562 1764 727 1805 suam
763 1742 1113 1824 patefecerit
1148 1743 1209 1801 in
1250 1762 1327 1801 eo
1362 1742 1638 1806 iuvando.
1695 1743 1908 1822 Neque
1947 1741 2106 1801 enim
2144 1739 2272 1801 leve
2311 1749 2402 1799 est
2439 1736 2610 1818 quod

336 1823 401 1883 in
447 1820 683 1881 Psalmo
732 1826 876 1895 105,
928 1824 1023 1884 18.
1087 1819 1318 1891 dicitur,
1380 1819 1628 1879 Ferrum
1684 1819 2090 1899 pertransiisse
2147 1818 2398 1877 animam
2461 1814 2608 1874 eius.

338 1896 523 1960 Certe
562 1897 791 1979 ingenti
826 1916 1097 1957 moerore
1134 1894 1380 1956 confodi
1419 1896 1704 1975 oportuit,
1743 1918 1924 1977 quum
1965 1893 2128 1955 omni
2163 1892 2456 1981 praesidio
2498 1890 2610 1950 de·-

337 1976 604 2050 stitutus,
662 1994 779 2033 una
837 1994 971 2033 cum
1018 1972 1259 2033 vinculis
1308 1982 1372 2030 et
1417 1972 1688 2033 scelerati
1737 1972 1996 2035 bominis'
2037 1990 2262 2050 poena,
2315 1968 2610 2049 probrum

341 2068 581 2131 quoque
619 2050 951 2123 sustineret,
989 2048 1093 2109 sed
1126 2049 1211 2109 ita
1250 2048 1366 2109 suis
1406 2068 1580 2128 saepe
1618 2050 1783 2115 Deus
1823 2048 2023 2109 adesse
2061 2046 2217 2109 solet
2255 2056 2321 2105 ut
2353 2046 2426 2105 ad
2449 2056 2608 2105 tem-

338 2146 449 2207 pus
505 2126 703 2185 lateat.
792 2126 993 2186 Exitus
1031 2126 1231 2185 autem
1278 2123 1501 2185 illustre
1547 2148 1573 2185 s
1621 2126 1842 2185 ecimen
1895 2124 2006 2185 suit
2067 2122 2192 2183 eius
2239 2124 2610 2217 praesentiae

340 2224 515 2285 quam
554 2202 729 2263 initio
766 2201 985 2282 Ioseph
1026 2222 1150 2261 non
1200 2200 1502 2261 cernebat.
1631 2222 1775 2262 orro
1823 2199 2076 2262 subinde
2125 2200 2322 2261 redire
2372 2200 2488 2259 boc
2538 2197 2610 2257 in

339 2280 683 2343 memoriam
728 2278 901 2339 nobis
942 2278 1141 2351 debet,
1178 2299 1303 2337 non
1342 2276 1518 2339 fuisse
1539 2279 1857 2339 liberatum
1887 2277 2022 2339 Iose
2067 2276 2107 2337 h
2145 2279 2282 2358 quia
2305 2278 2500 2336 Deum
2536 2272 2610 2335 iu

338 2356 567 2437 templo
618 2355 976 2432 invocasset,
1024 2355 1125 2416 sed
1164 2352 1376 2435 procul
1415 2355 1477 2415 in
1523 2355 1694 2439 Aegy
1738 2367 1823 2416 to.
1899 2354 2002 2416 Mo
2049 2377 2146 2415 um
2183 2353 2426 2415 ascribit
2463 2351 2608 2412 Ste-

340 2433 590 2516 phanus,
621 2433 767 2568 guia
803 2433 967 2494 Deus
1004 2432 1251 2514 gratiam
1297 2432 1383 2492 illi
1431 2453 1632 2494 coram
1729 2433 1987 2492 ba‘raone
2037 2431 2282 2495 dederit.
2358 2430 2610 2489 Poterat

340 2511 583 2588 quidem
684 2531 783 2570 eus
824 2510 939 2570 alio
980 2509 1161 2590 modo
1196 2530 1331 2569 eum
1371 2509 1457 2568 eri
1503 2531 1622 2586 ere,
1661 2510 1763 2571 sed
1803 2509 2036 2592 longius
2075 2507 2430 2589 respiciebat
2479 2505 2608 2566 eius

344 2587 677 2663 consilium,
718 2597 787 2645 ut
823 2585 1039 2666 Ioseph
1078 2605 1267 2668 regno
1313 2605 1454 2666 prae
1483 2599 1644 2648 ectus
1689 2597 1920 2668 patrem
1965 2597 2272 2665 totamque
2321 2581 2608 2643 familiam

344 2666 467 2726 exei
514 2676 658 2724 eret.
736 2661 1053 2725 Caeterum
1102 2664 1164 2722 in
1212 2663 1301 2722 his
1352 2661 1600 2724 duobus⁴
1631 2663 1825 2724 verbis
1865 2665 2126 2738 gratiam
2173 2675 2228 2722 ot
2259 2662 2610 2736 sapientiam

345 2753 437 2800 est
514 2739 797 2833 ypallage.
872 2739 1025 2800 Nam
1058 2738 1349 2820 ,sapientia
1386 2761 1500 2819 qua
1581 2741 1832 2803 raeditus
1871 2739 1982 2800 fuit
2001 2737 2218 2821 Ioseph
2257 2757 2428 2800 causa
2446 2735 2608 2797 iniu-

345 2815 559 2877 favorns
600 2816 733 2890 suit,
777 2837 1107 2896 quanquam
1147 2815 1265 2875 duo
1307 2815 1484 2877 fuisse
1578 2817 1810 2878 istincta
1857 2815 2142 2877 beneficia
2191 2813 2402 2878 fateor.
2477 2813 2607 2873 Ne-

344 2911 463 2971 que
503 2893 661 2951 enim
700 2892 917 2972 Ioseph
952 2893 1183 2951 tametsi
1218 2891 1409 2952 fidelis
1447 2894 1814 2953 somniorum
1850 2893 2142 2973 interpres
2183 2903 2328 2966 erat,
2369 2901 2430 2950 et
2467 2887 2607 2970 pol-

348 2967 511 3030 lebat
548 2967 741 3029 divina
777 2967 1112 3047 prudentia,
1150 2979 1348 3028 tamen
1386 2989 1419 3028 a
1455 2968 1714 3048 superbo
1755 2981 2004 3060 tyranno
2043 2970 2108 3028 in
2145 2980 2373 3029 tantum
2403 2965 2606 3026 bono-

348 3057 476 3104 rem
513 3064 771 3123 unquam
810 3055 1043 3103 evectus
1093 3043 1281 3116 soret,
1332 3044 1448 3104 nisi
1493 3045 1816 3108 Pharaonis
1869 3045 2126 3106 animum
2180 3046 2252 3105 ad
2312 3043 2608 3124 quendam

348 3117 653 3179 insolitum
690 3139 951 3180 amorem
978 3117 1232 3179 flexisset
1255 3119 1442 3192 Deus,
1477 3121 1580 3180 sed
1620 3133 1821 3181 tamen
1857 3121 2313 3182 considerandus
2339 3132 2426 3180 est
2451 3119 2606 3181 ordo

350 3195 472 3270 ille,
512 3216 631 3275 quo
672 3195 761 3255 illi
798 3195 961 3256 Deus
999 3194 1245 3277 gratiam
1286 3195 1579 3258 conciliat.
1637 3197 1943 3274 Sapientia
1979 3219 2102 3258 non
2125 3209 2354 3258 tantum
2380 3197 2610 3258 donum

346 3271 696 3354 prophetiae
734 3272 1024 3354 significat
1060 3273 1123 3332 in
1162 3273 1407 3333 somniis
1445 3274 1925 3356 interpretandis,
1965 3276 2066 3336 sed
2097 3277 2157 3335 in
2193 3275 2386 3336 dando
2421 3273 2608 3333 etiam

348 3349 598 3410 consilio
681 3348 1038 3411 rudentiam:
1078 3361 1396 3429 utrumque
1423 3353 1606 3412 'enim
1653 3352 1828 3432 ponit
1873 3353 2088 3412 Moses.
2167 3351 2353 3428 Quod
2409 3361 2610 3412 autem

348 3425 423 3484 de
463 3445 585 3484 uno
636 3369 731 3486 llic
778 3424 966 3486 refert
1017 3425 1349 3508 Stephanus
1396 3427 1468 3487 ad
1518 3448 1724 3488 omnes
1769 3427 2132 3496 extenditur„
2196 3429 2613 3512 Quaecunque

350 3499 511 3561 enim
550 3501 611 3560 in
654 3501 991 3562 bominibus
1030 3515 1120 3562 est
1156 3503 1466 3564 dexteritas
1503 3504 1664 3564 inter
1698 3504 1816 3564 Dei
1867 3505 2024 3565 dona
2073 3517 2134 3564 et
2181 3496 2422 3586 'quidem
2467 3527 2492 3566 s
2543 3527 2614 3564 e-

350 3575 519 3638 eialia
558 3599 669 3657 pro
707 3577 889 3638 modo
929 3579 1225 3659 inaequali
1264 3580 1491 3641 censeri
1529 3580 1726 3642 debet.
1801 3580 1999 3661 Atque
2038 3581 2198 3641 idem
2236 3595 2417 3662 prout
2454 3584 2496 3642 li
2545 3595 2612 3642 et

348 3671 699 3735 prosperum
738 3674 1065 3716 successum
1104 3656 1406 3738 adiungit,
1445 3668 1513 3717 ut
1548 3659 1782 3739 prosint
1825 3679 1928 3718 sua
1978 3657 2137 3719 dona
2187 3679 2470 3738 quorsum
2517 3658 2612 3722 illi

346 3731 531 3792 visum
573 3743 663 3790 est
700 3731 992 3792 conferre.
1070 3732 1259 3814 Ergo.²
1292 3734 1522 3794 tametsi
1573 3757 1605 3795 a
1642 3735 1954 3794 Pharaone
2001 3735 2340 3814 praeficitur
2385 3737 2612 3830 Ioseph

345 3826 543 3942 pegni>¹
576 3805 863 3889 Aegyth
893 3809 1133 3897 proprie
1173 3823 1370 3870 tamen
1409 3811 1649 3872 nonnisi
1687 3809 1804 3870 Dei
1841 3833 2020 3874 manu
2070 3812 2369 3873 extollitur
2417 3813 2481 3873 in
2532 3811 2612 3874 il-

372 3905 469 3944 um
550 3905 817 3944 onorem.

500 3961 593 4026 11.
677 3961 860 4022 Venit
893 3975 1083 4022 mutem
1154 3983 1327 4022 ms.
1406 3963 1564 4024 Hine
1615 3975 1862 4044 apparet
1909 3963 2328 4028 liberationem
2386 3965 2612 4048 Ioseph

348 4057 664 4100 commune
704 4037 876 4100 fuisse
917 4038 1069 4100 bene
1116 4041 1269 4100 cium
1306 4040 1422 4099 toti
1465 4040 1719 4100 familiae
1759 4041 1963 4102 Iacob.
2039 4044 2188 4102 Nam
2242 4065 2421 4124 quum
2461 4063 2611 4102 ven-

340 4123 477 4172 tura
518 4125 669 4175 esset
706 4115 908 4189 fames,
948 4129 1176 4178 mature
1212 4116 1558 4196 praemissus
1599 4130 1688 4177 est
1723 4117 1968 4200 Ioseph,
2017 4120 2118 4200 qui
2157 4119 2230 4180 ad
2277 4119 2612 4200 pascendos

342 4187 648 4278 famelicos
684 4193 900 4254 victum
938 4193 1001 4252 in
1042 4215 1218 4254 manu
1254 4192 1520 4266 haberet,
1559 4195 2050 4273 quemadmodum
2089 4217 2156 4256 ea
2193 4198 2256 4256 in
2296 4207 2464 4276 parte
2501 4198 2612 4256 ad·-

342 4265 617 4355 mirabile
664 4267 787 4330 Dei
838 4269 1151 4332 consilium
1209 4269 1337 4350 ipse
1388 4289 1626 4350 quoque
1675 4273 1960 4354 agnoscit.
2051 4272 2290 4332 Interea
2349 4272 2612 4366 gratuita

338 4336 457 4402 Del
491 4341 728 4410 bouitas
776 4347 838 4410 in
894 4367 1149 4430 persona
1184 4345 1404 4430 Ioseph
1451 4345 1660 4412 melius
1699 4348 1956 4427 relucet,
1995 4348 2134 4412 dum
2171 4350 2479 4412 nutricius·
2507 4349 2610 4410 in-

2029 438 2280 499 emamin
2319 456 2382 497 se
2419 457 2526 518 per
2570 474 2601 485 -
2701 484 2718 501 .
