2788 4713
1110 252 1385 324 'CAPUT
1431 261 1560 323 xv.
2268 258 2273 264 '
2337 268 2456 331 am

208 416 299 469 est
334 405 461 467 cius
490 401 783 487 cognitio.
862 401 1025 478 Quid
1062 415 1255 466 autem
1296 403 1602 486 Scriptura
1637 397 2018 486 pronuntiet,
2051 394 2295 468 minime
2331 421 2458 468 am-

206 483 449 566 biguum
492 493 603 542 est:
653 477 1071 541 scortationem
1110 481 1337 542 scilicet
1373 482 1749 544 maledictam
1787 501 1910 544 csse
1951 505 2150 546 coram
2189 485 2324 544 Deo
2395 495 2459 546 et

204 579 320 640 per
370 579 495 618 eam
543 556 767 618 foedari
818 555 1066 616 bominis
1105 557 1393 630 anitum,
1445 569 1508 619 ct
1557 577 1772 639 corpus
1820 559 2010 637 pollui
2070 581 2292 620 sacrum
2341 555 2457 618 Dei

207 635 525 716 templum,
573 646 632 693 et
683 631 979 694 Christum
1030 631 1298 703 lacerari:
1351 633 1546 694 Deum
1599 632 1864 714 quotidie
1901 623 1991 693 'de
2035 636 2458 696 scortatoribus

254 731 433 772 ocnas
469 728 729 783 sumere,
780 721 839 768 et
878 707 1235 779 horrendum
1284 709 1465 770 semel
1519 711 1651 770 fore
1701 709 1974 770 ultorem.
2060 711 2247 784 Nullis
2297 725 2458 772 certe

208 733 519 848 renociniis
559 807 592 847 a
628 785 995 846 scortationis
1048 784 1340 864 patronis,
1392 786 1716 870 quamlibet
1764 785 2053 868 ingeniosi
2104 787 2221 847 sint
2267 800 2328 847 et
2373 788 2457 847 sa-

208 863 411 936 cundi,
446 867 681 946 tegetur
720 862 843 922 cius
883 860 1132 922 foeditas
1172 866 1287 922 tam
1359 861 1572 922 raviter
1611 883 1642 922 a
1684 861 1924 922 coelesti
1963 861 2154 922 iudice
2175 863 2457 924 damnata.

362 945 457 1004 21.
532 937 735 1000 Moses
769 941 921 997 onim
1118 980 1135 995 .
1214 939 1307 996 Ma
1334 957 1367 997 e
1409 937 1502 998 hic
1542 936 1708 998 locus
1747 959 1882 998 meo
1922 937 2140 998 iudicio
2169 941 2458 1019 expositus

210 1015 327 1077 suit
364 1037 429 1076 ac
453 1027 667 1076 tractus
704 1014 763 1074 in
800 1025 941 1074 cont
1060 1035 1155 1072 um
1190 1033 1440 1075 sensum.
1503 1012 1722 1076 Putant
1745 1014 1900 1074 enim
1925 1015 2273 1094 interpretes
2295 1014 2459 1074 addi-

206 1105 334 1152 tum
374 1091 487 1152 hoc
528 1087 702 1152 fuisse
742 1111 775 1151 a
814 1089 951 1150 laco
1002 1111 1069 1157 ο,
1118 1089 1251 1168 quia
1290 1110 1710 1170 supervacuum
1755 1102 1909 1150 esset
1945 1094 2252 1182 quicquam
2283 1109 2460 1170 prae-

206 1169 465 1230 scribere
502 1166 763 1240 Iudaeis,
816 1165 1025 1246 quibus
1066 1163 1357 1226 familiaris
1409 1177 1538 1226 erat
1571 1167 1748 1258 Legis
1801 1166 2068 1226 doctrina
2117 1177 2178 1228 ct
2221 1165 2463 1247 singulis

206 1243 479 1306 sabbatis
516 1243 844 1326 legebatur,
884 1249 1057 1320 atque
1097 1241 1251 1302 hunc
1288 1261 1522 1312 sensnm
1553 1242 1816 1312 eliciunt,
1856 1243 2018 1302 Haec
2047 1263 2294 1322 paucam
2317 1263 2466 1324 gen-

202 1320 362 1381 tibus
412 1323 645 1404 exigere
692 1319 960 1378 contenti
1008 1316 1216 1390 simus,
1279 1338 1426 1396 quac
1479 1318 1724 1386 ferendo
1777 1317 1950 1399 Legis
2011 1319 2152 1398 iugo
2203 1330 2464 1380 assuetae

204 1417 333 1458 non
380 1410 546 1457 sunt:
602 1406 881 1474 quantum
934 1393 1004 1453 ad
1034 1393 1295 1454 Iudaeos
1349 1394 1635 1473 pertinet,
1699 1393 1918 1454 habent
1965 1395 2173 1454 Mosen
2225 1402 2460 1474 cx-Tquo

204 1471 373 1553 plura
412 1472 653 1540 discant.
738 1467 1025 1530 Nonnulli
1074 1469 1247 1528 etiam
1291 1468 1587 1550 colligunt
1634 1491 1704 1530 ex
1755 1471 1868 1532 hoc
1918 1470 2087 1544 loco,
2138 1469 2464 1532 Circumci-

204 1551 437 1610 sionem
478 1568 609 1607 cnm
658 1546 773 1606 suis
825 1545 1245 1636 appendicibus
1295 1543 1476 1606 hodie
1523 1565 1764 1626 quoque
1812 1547 2326 1608 servandamaesse
2363 1543 2464 1606 Iu-

206 1624 403 1683 daeis:
442 1623 545 1682 sed
584 1621 789 1681 inscite
816 1620 1256 1696 ratiocinantur,
1300 1621 1520 1682 etiamsi
1544 1641 1678 1682 vcra
1715 1634 1868 1682 esset
1905 1622 2026 1696 illa,
2066 1643 2237 1702 quam
2270 1623 2468 1698 remu,

208 1699 519 1778 expositio.
610 1699 831 1756 Verum
867 1695 1058 1782 longe
1110 1697 1263 1758 aliud
1319 1699 1506 1757 voluit
1549 1697 1830 1760 Iacobus:
1893 1718 2109 1779 nempe
2158 1699 2294 1763 fieti
2341 1719 2467 1760 non

207 1793 385 1856 posse
424 1773 725 1846 admonet,
766 1785 833 1833 ut
867 1784 983 1832 tam
1026 1774 1147 1834 cito
1186 1773 1510 1864 quasiuno'
1547 1773 1769 1854 impetu
1811 1775 2160 1837 aboleantur
2197 1794 2465 1838 ceremo-

206 1851 363 1920 niae,
398 1850 529 1930 quia
562 1851 675 1910 iam
712 1870 749 1908 a
786 1848 979 1910 multis
1002 1849 1245 1910 saeculis
1269 1850 1479 1910 assucti
1507 1863 1699 1926 essent
1723 1851 1924 1912 Iudaei
1945 1853 2030 1910 Le
2077 1851 2120 1910 is
2145 1851 2466 1926 doctrinae,

205 1938 275 1986 et
313 1927 507 1988 Moses
542 1947 679 1986 suos
720 1925 965 1999 haberet.
1002 1945 1351 2004 praecones:
1394 1927 1530 1986 ideo
1553 1927 1950 1988 redimendam
1979 1951 2011 1987 a
2093 1926 2272 1988 breve
2313 1941 2462 2008 tem-

204 2025 317 2084 pus
354 2002 729 2062 concordiam
770 2021 929 2074 esse,
963 2002 1155 2062 donec
1204 2002 1478 2082 paulatim
1521 2003 1728 2064 clarius
1784 2006 2182 2066 innotesceret
2229 2000 2466 2064 libertas

198 2097 317 2160 per
338 2079 637 2140 Christum
680 2090 871 2159 parta:
913 2077 1027 2140 hoc
1066 2079 1353 2168 est‘quod
1392 2079 1615 2160 vulgari
1655 2081 1972 2161 proverbio
2013 2081 2260 2154 dicitur,
2297 2101 2466 2144 cerc-

85 2165 107 2176 “
200 2155 432 2216 monia:
470 2165 695 2215 veteres
746 2152 1111 2233 sepeliendas
1160 2153 1337 2216 fuisse
1392 2177 1523 2216 cum
1570 2156 1766 2236 aliquo
1818 2153 2067 2218 honore.
2152 2157 2225 2218 In
2277 2170 2466 2218 trans-

202 2231 429 2292 latione
482 2241 805 2312 agnoscent
924 2251 1099 2292 aecae
1158 2229 1392 2312 linguae
1441 2233 1614 2312 periti
1661 2245 2024 2312 postremum
2085 2231 2228 2293 illud
2277 2253 2463 2295 mem·
2533 2243 2543 2258 “

202 2308 413 2381 hrum,
472 2307 674 2384 Quum
736 2307 797 2367 in
887 2307 1169 2387 ynagogis
1234 2328 1339 2386 per
1389 2327 1567 2369 omne
1607 2306 1930 2369 Sabbatum
1983 2308 2243 2388 legatur,
2299 2330 2330 2369 a
2369 2329 2468 2371 me

200 2405 329 2445 non
366 2396 591 2445 temere
628 2384 801 2445 fuisse
840 2396 1155 2444 mutatum:
1194 2403 1412 2462 nempe
1451 2384 1731 2444 vitandae
1762 2384 2163 2465 ambiguitatis
2199 2404 2390 2447 causa·

368 2564 473 2630 22.
548 2562 738 2629 Tunc
778 2566 983 2627 visum
1028 2569 1125 2624 est
1163 2558 1498 2644 Apostolis
1563 2571 1626 2626 et
1669 2560 2080 2649 Presbyter-is
2135 2578 2277 2625 cum
2303 2568 2466 2627 tota

204 2662 511 2745 ecclesia,
578 2664 867 2731 delectos
919 2664 1097 2725 viros
1166 2680 1242 2723 ex
1312 2661 1469 2747 ipsis
1540 2665 1790 2743 mittere
1849 2661 2258 2741 Antiochiam
2323 2683 2463 2727 cum

202 2765 413 2831 Paulo
458 2777 521 2832 ct
564 2762 877 2841 Bai-naha,
918 2760 1141 2827 Iudam
1188 2764 1570 2845 cognomine
1604 2760 1971 2839 Bar-sabam,
2015 2775 2080 2829 et
2115 2758 2330 2837 Silam,
2371 2766 2464 2827 vi-

200 2886 315 2933 ros
358 2870 689 2955 primarios
733 2868 903 2930 inter
941 2863 1241 2949 fratresf
1295 2863 1654 2947 232Missis
1696 2873 1822 2949 per
1857 2885 2080 2928 manus
2125 2882 2348 2937 eorum
2383 2861 2463 2925 li-

201 2969 361 3031 tcris
402 2968 469 3032 in
515 2967 683 3033 hanc
733 2967 1027 3031 formam:
1084 2962 1382 3050 Apostoli
1432 2972 1494 3027 et
1535 2962 1914 3049 Presbyteri
1957 2973 2021 3028 ct
2065 2962 2321 3041 fratres,
2362 2962 2462 3044 his

200 3069 317 3153 qui
356 3078 503 3132 sunt
547 3066 928 3133 Antiochiae
973 3075 1037 3130 et
1078 3067 1145 3130 in
1174 3065 1363 3149 Syria
1407 3074 1472 3131 et
1513 3064 1746 3133 Cilicia
1791 3062 2117 3141 fratribuS,
2161 3066 2270 3149 qui
2309 3074 2462 3133 sunt

202 3185 283 3231 ex
326 3166 667 3245 Gentibus,
707 3166 1010 3233 Salutem.
1092 3166 1195 3229 24.
1258 3164 1589 3251 Quoniam
1645 3164 2030 3243 audivinnu3‚
2086 3164 2463 3251 quod-qdi-

200 3264 351 3332 dam
398 3289 471 3333 ex
513 3265 703 3333 nobis
746 3270 985 3353 egressi
1024 3265 1365 3332 turbarunt
1386 3288 1506 3331 vos
1548 3263 1782 3343 verbis,
1825 3264 2460 3357 labefactantes-ani-

195 3388 341 3433 mas
378 3377 640 3445 vestras,
680 3365 977 3431 iubentes
1016 3386 1135 3431 vos
1180 3366 1550 3433 circumcidi
1607 3377 1672 3431 et
1709 3388 1966 3431 servare
2010 3366 2280 3451 Legem,
2319 3367 2462 3451 qui-

198 3466 329 3531 bus
382 3462 515 3532 non
572 3464 1127 3536 mandaveramus:
1214 3466 1319 3529 25.
1362 3466 1587 3530 Visum
1655 3477 1751 3532 est
1817 3464 2010 3531 nobis
2075 3468 2462 3532 unanimiter

202 3571 636 3653 congregatis,
718 3564 1007 3631 delectos
1073 3564 1247 3629 viros
1316 3566 1566 3629 mittere
1650 3566 1732 3632 ad
1798 3586 1916 3631 vos
1997 3586 2140 3631 cum
2209 3561 2460 3630 dilectis
2498 3600 2506 3617 ·

200 3668 441 3733 nostris
484 3663 779 3733 Bai-naba
834 3675 899 3730 et
948 3663 1185 3743 Paulo,
1253 3664 1355 3729 26.
1400 3664 1818 3743 HominibuS,
1867 3669 1979 3753 qui
2023 3676 2459 3754 exposuerunt

200 3768 446 3831 animas
488 3786 635 3831 suas
682 3786 801 3851 pro
845 3769 1106 3832 nomine
1148 3766 1416 3831 Domini
1459 3769 1660 3831 nostri
1702 3766 1850 3831 Iesu
1873 3766 2136 3835 Christi.
2199 3771 2299 3833 27.
2335 3769 2462 3831 Mi-

200 3868 399 3933 simus
444 3886 597 3953 ergo
637 3866 853 3931 ludam
900 3875 966 3930 et
1008 3864 1235 3942 Silam,
1289 3866 1402 3951 qui
1442 3875 1505 3930 et
1546 3866 1666 3951 ipsi
1709 3864 1900 3932 vobis
1941 3889 2239 3934 sermone
2281 3864 2452 3931 refe-

196 3978 351 4045 rent
388 3968 631 4035 eadem.
724 3966 827 4031 28.
883 3964 1105 4031 Visum
1162 3976 1257 4030 est
1316 3968 1484 4029 enim
1525 3964 1796 4051 Spiritui
1847 3978 2071 4033 sancto
2129 3979 2195 4033 et
2245 3962 2455 4041 nobis,

196 4090 288 4137 ne
332 4068 491 4155 quid
535 4065 806 4154 amplius
858 4064 1333 4150 imponeremus
1370 4064 1562 4132 vobis
1599 4071 1847 4147 oneris,
1901 4090 2088 4155 quam
2135 4068 2298 4132 haec
2342 4086 2458 4129 ne-

202 4172 513 4235 cessaria:
574 4168 675 4233 29.
726 4166 821 4231 Ut
872 4160 1243 4231 abstineatis
1284 4164 1366 4231 ab
1411 4166 1537 4249 his,
1601 4190 1768 4255 quae
1815 4167 2138 4233 immolata
2183 4174 2330 4231 sunt
2372 4168 2454 4230 si-

202 4268 527 4351 mulacris,
571 4278 637 4337 et
671 4270 1013 4357 sanguine,
1054 4278 1119 4333 et
1156 4266 1510 4347 suffocato,
1553 4279 1618 4334 ct
1654 4271 2080 4337 scortatione:
2135 4289 2171 4333 a
2215 4264 2450 4355 quibus

196 4372 263 4433 ei
300 4371 832 4441 conservaveritis
870 4390 989 4438 vos
1038 4370 1233 4457 ipsos,
1270 4367 1448 4436 hene
1491 4366 1774 4512 facim-{h
1801 4366 2092 4489 *valeta
