2788 4713
384 213 501 276 434
1166 203 1254 264 IN
1290 199 1517 266 ACTA
1553 199 1844 262 APosT.

390 353 787 423 surrectione
822 359 1225 418 mortuorum
1269 369 1390 436 ego
1433 347 1704 414 iudicor.
1773 347 1845 434 7.
1889 345 1976 412 Et
2021 367 2216 434 quum
2271 343 2422 412 hoc
2479 343 2712 413 ‹lixis-

392 467 507 534 set,
546 455 711 520 facta
744 465 840 520 est
873 451 1109 518 seditio
1144 454 1313 516 inter
1344 449 1726 515 Pharisaeos
1769 457 1834 512 et
1867 445 2308 526 Sadducaeos,
2357 459 2442 514 et
2467 453 2712 514 scissa

288 557 291 565 '
396 567 491 623 est
530 553 891 621 multitudo.
985 553 1042 618 8.
1097 551 1257 616 Nam
1302 549 1667 614 Sadducaei
1709 547 1970 635 quidem
2015 546 2263 626 dicunt,
2319 569 2484 614 non
2541 565 2708 615 esse

391 658 952 732 resurrectionem,
1004 671 1218 738 neque
1262 649 1612 736 Angelum,
1661 669 1880 734 neque
1929 651 2249 736 spiritum:
2313 650 2706 716 Pharisaei

398 767 607 824 autem
650 766 921 842 utraque
964 753 1367 818 confitentur.
1449 753 1508 814 9.
1559 749 1792 814 Factus
1837 759 1934 814 est
1977 760 2187 814 autem
2231 747 2512 818 clamor
2565 774 2708 816 ma-

397 877 585 944 gnus:
638 866 705 920 et
742 864 1078 940 surgentes
1120 856 1230 939 qui
1271 850 1353 916 de
1407 859 1582 916 secta
1623 849 2108 915 Pharisaeorum
2151 862 2342 915 erant
2387 851 2704 928 scribae,

398 953 771 1046 pugnabant
820 952 1131 1039 dicentes,
1186 948 1365 1018 Nihil
1425 947 1578 1014 mali
1643 952 1999 1015 invenimus
2061 954 2132 1016 in
2186 950 2476 1017 homine
2545 953 2700 1030 isto,

400 1056 636 1147 quodsi
691 1055 963 1142 Spiritus
1016 1049 1325 1146 loquutus
1374 1061 1472 1116 est
1523 1052 1620 1129 ei,
1672 1060 1781 1116 aut
1819 1049 2136 1136 Angelus,
2187 1073 2276 1118 ne
2333 1073 2700 1139 repugne-

400 1180 541 1226 mus
586 1157 759 1222 Deo.
2129 1167 2138 1180 ·

552 1277 611 1336 6,
692 1269 895 1330 Sciens
928 1279 1131 1326 wem.
1216 1263 1581 1346 stratagema
1620 1263 1788 1325 Pauli
1828 1265 1987 1346 quod
2027 1277 2224 1326 narrat
2259 1265 2472 1326 Lucas
2519 1267 2692 1328 vide-

402 1359 502 1411 rur
542 1345 765 1409 Christi
801 1363 1027 1405 servum
1067 1342 1258 1426 minus
1298 1343 1526 1400 decere.
1612 1341 1841 1402 Astatia
1893 1341 2046 1402 enim
2101 1363 2216 1422 qua
2267 1365 2415 1402 usus
2465 1355 2574 1404 est
2615 1347 2692 1404 si·

404 1421 727 1487 mulatione
778 1417 1053 1499 implicita
1108 1417 1246 1491 suit,
1309 1435 1460 1496 quae
1510 1436 1630 1477 non
1680 1417 1888 1497 procul
1939 1437 1970 1478 a
2021 1419 2329 1478 mendacio
2387 1419 2688 1480 distabat.

408 1498 875 1564 Statum‘causae
915 1510 1051 1555 suae
1092 1493 1233 1554 dicit
1272 1493 1417 1552 verti
1467 1493 1527 1552 in
1571 1494 2000 1554 resurrectione
2040 1507 2458 1555 mortuorum:
2519 1497 2690 1576 atqui

405 1578 637 1651 scimus,
678 1573 753 1633 de
793 1571 915 1633 aliis
956 1567 1130 1629 rebus
1170 1569 1343 1629 fuisse
1379 1581 1698 1642 certamen,
1737 1571 1896 1650 quod
1937 1571 2294 1632 ceremonias
2315 1571 2692 1653 abrogaret,

408 1652 567 1734 quod
589 1656 794 1733 gentes
835 1647 1170 1707 admitteret
1208 1645 1267 1706 in
1314 1645 1517 1706 foedus
1544 1645 1763 1706 salutis.
1841 1645 2221 1728 Respondeo,
2257 1653 2510 1709 tametsi
2543 1650 2690 1710 haee

406 1749 545 1792 vera
582 1737 751 1800 sunt,
800 1740 932 1784 eum
981 1734 1175 1783 tamen
1218 1739 1338 1781 non
1381 1721 1552 1782 fuisse
1593 1723 1924 1782 mentitum:
1977 1741 2168 1802 neque
2219 1725 2378 1784 enim
2424 1725 2572 1786 aliis
2617 1728 2692 1786 de

408 1805 585 1866 rebus
622 1822 685 1864 se
723 1811 1045 1862 accusatum
1088 1797 1261 1858 fuisse
1300 1811 1498 1880 negat,
1537 1819 1646 1858 nec
1681 1811 1866 1860 totam
1906 1797 2394 1880 disceptationem
2441 1802 2510 1862 iu
2565 1824 2688 1862 uno

414 1882 603 1964 capite
644 1876 947 1940 constituit
986 1875 1129 1950 ho'c,
1184 1875 1285 1952 sed
1336 1893 1473 1934 vere
1526 1875 1834 1957 profitetur
1884 1875 2019 1935 ideo
2071 1876 2182 1936 sihi
2219 1876 2502 1937 infensos
2561 1899 2688 1938 esse

412 1957 805 2024 Sadducaeos,
842 1949 1001 2044 quod
1044 1951 1534 2010 resurrectionem
1575 1963 1938 2011 mortuorum
1977 1965 2208 2012 asserat.
2285 1952 2552 2013 Sciebat
2595 1957 2684 2014 in-

412 2034 637 2095 testinis
678 2028 917 2088 dissidiis
968 2024 1267 2097 laborare,
1320 2026 1421 2103 qui
1471 2027 1528 2085 in
1581 2028 1766 2119 ipsum
1821 2027 2320 2107 conspiraverant:
2367 2030 2498 2090 'sibi
2557 2033 2684 2112 ipse

414 2107 648 2201 guidem
674 2103 895 2183 optime
916 2102 1183 2161 conscius
1225 2111 1369 2172 erat,
1411 2111 1469 2159 et
1511 2097 1676 2161 facule
1717 2103 1916 2163 suisset
1957 2105 2165 2164 bonam
2208 2127 2448 2166 causam
2476 2109 2680 2188 aequis

410 2181 699 2245 iudicibus
782 2179 1009 2239 robare.
1086 2175 1244 2252 Quia
1267 2185 1463 2236 tamen
1493 2179 1649 2239 videt
1688 2179 2046 2241 tumultuose
2081 2181 2191 2242 sihi
2226 2181 2532 2264 obstrepi,
2573 2206 2680 2244 nec

414 2259 618 2342 patere
658 2201 989 2316 defensioni
1036 2273 1172 2314 suae
1222 2253 1476 2328 aditum,
1537 2255 1731 2316 hostes
1781 2255 1938 2318 inter
1985 2278 2046 2318 se
2097 2258 2446 2319 committit:
2519 2263 2674 2319 unde

418 2337 593 2399 etiam
630 2333 817 2418 palam
856 2333 942 2406 fit,
982 2329 1205 2391 inscitia
1246 2347 1346 2391 eos
1388 2341 1450 2391 et
1487 2351 1668 2393 coeco
1712 2329 1841 2393 zelo
1881 2333 2114 2414 raptari.
2189 2335 2542 2397 Notandum
2573 2349 2674 2413 est,

418 2409 600 2497 igitur
637 2413 719 2472 sic
758 2428 1022 2471 exorsum
1066 2406 1237 2467 fuisse
1258 2406 1520 2482 Paulum,
1559 2420 1624 2469 ut
1663 2410 1917 2490 ingenue
1959 2424 2018 2471 et
2055 2412 2280 2471 sincere
2319 2424 2514 2473 tuum
2541 2436 2672 2473 cm-

421 2512 539 2552 sam
596 2502 889 2579 exponere
939 2496 1213 2565 superet,
1285 2502 1394 2561 nec
1444 2495 1630 2545 astute
1683 2486 1963 2568 refugisse
2012 2508 2214 2568 puram
2261 2500 2325 2548 et
2370 2488 2668 2572 iutegram

423 2564 888 2637 consessionem,
939 2560 1121 2655 qualis
1170 2582 1203 2621 a
1245 2558 1464 2621 Christi
1503 2562 1680 2621 servis
1731 2562 1954 2624 edenda
2004 2575 2181 2625 esset:
2233 2566 2336 2624 sed
2377 2568 2517 2645 quia
2561 2566 2670 2626 ol>-

421 2652 674 2704 structus
716 2652 841 2701 erat
874 2638 1092 2711 aditus,
1174 2656 1260 2719 erg
1282 2636 1392 2695 nlla
1434 2636 1722 2698 audientia
1763 2638 2037 2713 dabatur,
2100 2652 2360 2701 extremo
2403 2643 2666 2701 remedio

422 2738 587 2779 usum
628 2726 771 2791 esse,
812 2727 877 2775 ut
913 2715 1101 2794 palam
1162 2724 1379 2789 aceret,
1419 2734 1553 2773 suos
1590 2714 1940 2775 adversarios
1979 2736 2164 2777 coeco
2204 2718 2344 2778 odio
2428 2718 2670 2799 raecipi-

422 2806 513 2931 ξω
553 2796 666 2877 agi.
740 2794 939 2853 Exitus
979 2792 1131 2851 enim
1174 2788 1458 2863 ostendit,
1522 2811 1639 2850 nou
1691 2791 1918 2851 ratione
1967 2790 2124 2873 ipsos
2160 2793 2255 2854 vel
2303 2738 2527 2855 iudicio
2569 2798 2666 2854 ad-

436 2874 633 2931 ‘uctos
674 2883 816 2945 esse,
856 2886 1003 2947 quos
1044 2878 1275 2925 mutuae
1315 2864 1634 2926 discordiae
1659 2866 1770 2927 alio
1813 2879 2166 2931 transversos
2189 2870 2444 2951 rapiunt.
2493 2872 2662 2931 Nunc

300 2954 307 2965 '
358 2952 375 2977 ⁶
426 2948 474 3007 si
522 2948 651 3025 quis
686 2950 856 3007 sanae
897 2942 1197 3002 doctrinae
1258 2942 1450 3001 lucem
1513 2942 1828 3004 obscurans
1881 2944 2165 3005 vafritiem
2225 2967 2390 3007 suam
2437 2959 2666 3007 excuset

428 3022 597 3083 Pauli
636 3018 931 3099 exemplo,
983 3015 1147 3077 facile
1188 3016 1503 3078 refelliturt
1556 3018 1708 3081 aliud
1751 3031 1839 3081 est
1875 3024 2026 3081 enim
2069 3023 2331 3103 privatim
2371 3020 2478 3083 sihi
2518 3046 2660 3083 con-

429 3096 620 3158 sulere
659 3117 791 3154 cum
828 3091 1085 3153 veritatis
1121 3092 1389 3167 iactura,¹
1420 3093 1572 3155 aliud
1622 3109 1813 3171 autem
1865 3098 2156 3178 professos
2197 3098 2420 3159 Christi
2466 3098 2658 3161 hostes

431 3171 503 3238 ab
542 3172 664 3231 eius
705 3168 1147 3263 oppugnatione
1186 3168 1497 3246 abducere,
1537 3182 1600 3231 ut
1640 3172 1797 3233 inter
1833 3194 1894 3234 se
1933 3174 2272 3255 confligant.
2347 3176 2530 3235 Porro
2575 3175 2658 3235 vi-

432 3248 633 3311 demus
674 3247 901 3328 impios,
925 3245 1177 3327 quamvis
1218 3244 1505 3307 hostiliter
1542 3247 1697 3309 inter
1732 3270 1794 3311 se
1833 3248 2168 3325 dissideant,
2207 3250 2310 3312 uhi
2389 3250 2658 3311 erendum

432 3336 525 3384 est
564 3323 779 3385 bellum
820 3346 948 3384 cum
992 3320 1307 3405 Evangelio
1388 3342 1489 3383 sua
1544 3327 1858 3386 certamina
1907 3326 2186 3388 oblivisci.
2278 3327 2354 3387 Sa
2421 3350 2454 3387 n
2505 3330 2654 3387 enim

434 3399 846 3461 discordiarum
888 3412 1070 3479 pater,
1109 3419 1286 3459 unum
1368 3420 1481 3460 unc
1519 3416 1864 3462 consensum
1900 3402 2056 3463 inter
2091 3424 2227 3464 suos
2307 3416 2558 3477 rocurat,
2593 3414 2654 3463 ut

434 3477 507 3537 ad
546 3476 1019 3559 exstinguendam
1069 3475 1347 3555 pietatem
1387 3476 1584 3538 eadem
1624 3478 1699 3537 sit
1747 3478 1858 3539 illis
1897 3500 2062 3559 meus
2109 3492 2171 3539 et
2219 3480 2240 3539 i
2281 3500 2374 3539 em
2423 3482 2650 3539 animus.

438 3554 537 3614 Sic
585 3551 763 3612 hodie
812 3553 1068 3612 videmus
1117 3551 1438 3628 factiones,
1495 3573 1646 3633 quae
1697 3554 1754 3613 in
1795 3554 2012 3636 Papatu
2067 3554 2322 3630 fervent,
2382 3558 2652 3635 tantisper

438 3630 761 3713 quiescere,
811 3628 946 3688 dum
996 3628 1398 3689 communibus
1444 3629 1642 3690 studiis
1689 3629 2070 3713 Evangelium
2125 3634 2476 3713 opprimant:
2537 3652 2644 3712 quo

438 3708 566 3791 plus
606 3705 779 3767 animi
820 3704 1037 3765 Christi
1080 3704 1369 3787 discipulis
1411 3724 1532 3765 esse
1573 3708 1848 3767 convenit
1883 3708 1954 3768 ad
1995 3708 2304 3768 fovendam
2343 3708 2646 3781 veritatem,

352 3819 361 3829 ·
440 3796 507 3842 ut
543 3782 712 3843 simul
750 3780 1051 3842 coniuncti
1088 3782 1290 3841 melius
1331 3783 1612 3843 resistant.
1691 3784 1845 3845 Hinc
1885 3784 1964 3843 eti
2003 3806 2056 3843 m
2097 3785 2449 3869 colligimus,
2486 3784 2642 3865 quale

482 3861 827 3996 acjsfflgenus
856 3856 1818 4011 onnoukiii‘a‘toglliingt‘iideg,{egiptutm'
1903 3860 1954 3995 h:
2003 3860 2172 3921 ristus
2223 3860 2486 3996 paciecos
2532 3880 2640 3995 etse

504 3957 559 3997 ei
657 3958 745 3996 ros
826 3956 855 3993 r
1048 3956 1062 3991 ι
1255 3958 1284 3994 a
1378 3978 1392 3993 .
1568 3979 1580 3994 .
1624 3958 1638 3994 ε
1691 3958 1720 3995 a
1793 3955 1863 3995 ue
1944 3958 2016 3997 oc
2055 3957 2252 3997 verum
2291 3956 2352 3996 es
2493 3957 2642 3996 uae-

444 4034 550 4074 nus
588 4012 713 4073 fieri
751 3956 945 4091 plt'itest
985 4028 1184 4069 eorum
1224 4030 1424 4091 opera,
1465 4023 1529 4071 ut
1567 3957 1788 4072 omnesq
1809 4012 2060 4073 fraterne
2098 4014 2204 4073 sub
2229 3958 2490 4073 Domini>¹
2517 4034 2638 4073 coa·

439 4091 677 4149 lescant.
773 4084 890 4148 Sed
930 4078 989 4145 id
1028 4104 1152 4143 non
1193 4086 1412 4159 obstat,
1463 4085 1770 4166 quominus
1823 4086 2075 4148 eiusdem
2114 4086 2356 4149 Domini
2401 4089 2638 4167 auspiciis

441 4165 602 4227 velut
656 4164 835 4225 tubae
892 4161 1171 4244 clangore
1230 4162 1440 4241 impios
1488 4166 1825 4237 excitemus,
1888 4176 1953 4225 ut
2011 4178 2285 4245 tau-quam
2327 4164 2640 4226 Midiauitae

434 4238 1091 4399 ἑξξεὲοὲοῑοιέἓοίἰδῖιῗί
1122 4237 1301 4300 modo
1350 4236 1464 4299 huc
1503 4250 1566 4301 et
1599 4238 1714 4304 zeti
1759 4240 2092 4323 simplicitas
2129 4254 2192 4305 et
2231 4238 2473 4323 Spiritus
2507 4264 2636 4325 pru-
