2788 4713
326 256 447 327 1³2
694 318 701 332 ,
1142 244 1234 317 m
1268 244 1500 313 ACTA.
1533 242 1830 317 APOST.

330 395 443 461 sed
486 392 628 479 quia
666 390 899 457 idolum
936 386 1285 453 fabricando
1343 410 1552 455 verum
1601 389 1800 455 Deum
1855 386 2260 472 reliquerunt,
2307 388 2594 472 quicquid

332 485 547 557 postea
580 471 869 553 sequitur,
906 465 1073 535 idolo
1110 480 1385 530 censetur
1420 468 1572 529 dari:
1611 468 1747 548 q'uia
1767 468 1932 529 Deus
1969 488 2179 548 pravos
2217 486 2425 529 omnes
2463 466 2594 527 cul·-

336 565 433 615 tus
471 550 711 629 respuit.
808 548 1017 625 Neque
1079 546 1239 606 enim
1274 566 1526 625 aequum
1577 555 1698 619 est,
1751 544 2080 635 impensum
2128 545 2182 604 ei
2234 544 2379 605 ferri
2429 543 2596 625 quod

336 648 463 691 non
502 622 823 699 mandavit,
881 633 945 683 et
982 621 1119 702 quia
1156 620 1502 681 nominatim
1537 624 1753 693 vetuit,
1803 619 2032 681 visibile
2067 619 2440 681 simulacrum
2477 620 2595 681 sibi

342 704 495 788 erigi
570 698 941 782 sacrilegium
991 709 1082 759 est
1130 697 1412 777 quicquid
1460 697 1522 757 in
1561 697 1685 757 eius
1723 696 2014 758 honorem
2063 709 2270 778 postea
2308 708 2592 757 tentatur.

494 746 1071 851 Lucidum-super
1086 772 1367 849 operibus.
1417 772 1719 854 Loquutio
1745 773 1888 834 haec
1928 791 1996 832 ex
2019 774 2203 853 Iesaia
2228 785 2458 853 sumpta
2485 786 2599 849 est,

336 860 460 921 imo
520 874 593 916 ex
636 852 987 934 Prophetis,
1044 850 1145 932 qui
1198 848 1473 911 similiter
1533 849 1894 931 exprobrant
1939 850 2201 924 Iudaeis,
2259 850 2594 911 oblectatus

340 934 520 997 fuisse
556 932 675 993 suis
712 928 1021 1067 figmentis.
1110 926 1190 985 Et
1232 945 1374 987 sane
1419 924 1568 987 mira
1613 925 1910 1017 doementia
1961 939 2048 986 est
2088 926 2228 987 dum
2264 927 2380 987 sibi
2423 926 2596 1007 quic·-
2629 926 2636 949 ‘

334 1010 769 1151 ἓῶἓῗηξῖιιξῗι
802 1002 2602 1159 '¹221‘'5331ss‚³‘gzfiss1‘20'ssa't'ss'fas'‘iiiiii'‘:fiffzssssfs‘sszt

331 1164 537 1227 cundo
574 1160 782 1241 capite.
925 1174 1205 1218 ommune
1242 1166 1440 1215 tamen
1478 1156 1685 1217 vitium
1723 1155 2057 1237 Stephanus
2094 1168 2280 1230 taxat,
2347 1178 2466 1237 quo
2510 1154 2599 1219 la-

332 1241 554 1305 borant
589 1235 953 1299 idololatrae.
1052 1232 1203 1291 Nam
1242 1252 1420 1311 quum
1468 1230 1532 1291 in
1584 1231 1872 1315 religione
1921 1232 2068 1293 nihil
2119 1232 2456 1295 hominibus
2505 1234 2598 1295 sas

332 1319 417 1381 sit
450 1315 745 1394 suscipere
794 1311 907 1372 nisi
944 1330 977 1371 a
1013 1309 1152 1369 Deo
1186 1308 1648 1399 praescriptum,
1687 1321 1914 1369 temere
1953 1309 2182 1390 quidvis
2235 1331 2375 1371 exeo
2423 1310 2599 1387 ’taut,

334 1406 399 1457 et
436 1390 712 1473 neglecto
739 1387 857 1447 Dei
893 1385 1083 1447 verbo
1124 1385 1201 1445 eli
1290 1397 1355 1445 nt
1388 1403 1672 1445 manuum
1707 1406 1940 1445 suarum
1974 1407 2174 1467 opera.
2253 1386 2406 1479 Step.
2447 1410 2598 1450 anus

334 1481 531 1533 autem
558 1464 837 1541 ostendit,
875 1462 1015 1530 dum
1052 1462 1133 1523 ita
1170 1484 1217 1524 si
1262 1461 1283 1521 i
1321 1461 1385 1523 in
1423 1462 1530 1523 hac
1568 1460 2096 1543 licentia-placent,
2137 1484 2208 1523 eo
2233 1485 2414 1545 magis
2433 1466 2602 1545 ipsos

332 1544 640 1627 displicere
677 1542 833 1601 Deo.
912 1540 1115 1615 Quare
1154 1538 1207 1599 si
1243 1536 1466 1599 cultum
1525 1550 1794 1599 nostrum
1853 1538 2096 1619 probari
2155 1541 2451 1615 volumus,
2514 1540 2598 1603 ab

334 1620 617 1758 ⁰3⁶5&
652 1614 1514 1756 fflnwxiihioeissifflsussff
1565 1615 2066 1753 32:222121312‘i‘
2115 1616 2602 1771 &satiabat

326 1712 1758 1925 iiim:21:2⁹5:„assessis‚
1791 1712 2331 1929 „12⁸0”
2367 1770 2601 1929 {aa

395 1934 531 1989 e'um
568 1924 643 1987 ab
684 1922 921 1988 bomine
959 1919 1249 1985 fabricari.

369 2084 377 2103 ’
496 2103 635 2179 42.·
678 2096 1031 2169 Convertit
1074 2110 1285 2179 autem
1324 2122 1396 2166 se
1422 2098 1628 2181 Deus,
1671 2108 1740 2169 et
1777 2098 2046 2167 tradidit
2087 2118 2204 2167 eos
2245 2098 2600 2169 ad‘eolen-

328 2204 476 2273 dam
538 2202 826 2269 militiam
897 2203 1096 2269 coelia
1158 2202 1698 2297 quemadmodum
1759 2207 2066 2290 seriptum
2127 2190 2228 2269 est
2289 2206 2358 2268 in
2413 2201 2598 2271 libro

326 2304 837 2394 Prophetarum,
921 2303 1257 2392 Numquid
1310 2306 1598 2372 victimas
1653 2314 1720 2371 et
1759 2305 2001 2372 hostias
2055 2302 2381 2372 obtulistis
2432 2306 2598 2372 mihi

326 2431 450 2498 per
505 2427 709 2473 annos
762 2406 1185 2493 quadraginta
1238 2407 1307 2470 in
1362 2405 1652 2485 desert0,
1714 2405 1944 2472 domus
1983 2406 2223 2472 Israel?
2345 2407 2449 2472 43.
2502 2406 2598 2474 Et

324 2509 669 2576 sustulistis
703 2505 1189 2586 tabernaculum
1231 2504 1544 2588 Moloeh,
1612 2503 1677 2573 et
1731 2516 1966 2572 astrum
2011 2505 2120 2572 dei
2159 2508 2359 2572 vestri
2397 2507 2600 2573 Rem-

230 2601 258 2616 *
324 2610 532 2698 phau,
584 2618 651 2675 et
674 2609 929 2695 ‘figuras
972 2629 1131 2693 quas
1174 2606 1413 2674 fecistis
1455 2605 1540 2674 ad
1593 2605 1939 2698 colendum
1995 2629 2134 2674 eas:
2179 2607 2334 2674 ideo
2384 2617 2598 2675 trans-

324 2709 530 2776 feram
570 2729 691 2775 vos
730 2709 903 2775 ultra
940 2706 1375 2794 Babylonem.

479 2843 576 2904 42.
652 2837 853 2900 Docet
898 2835 997 2900 bic
1044 2835 1416 2918 Stephanus,
1476 2836 1698 2900 nullum
1747 2837 1999 2901 Iudaeos
2049 2837 2254 2900 secisse
2301 2839 2594 2920 peccandi

310 2914 528 2994 finem,
564 2915 669 2975 sed
706 2914 941 2996 longius
978 2914 1227 2974 subinde
1264 2917 1327 2976 in
1364 2917 1650 2994 perversis
1687 2915 1802 2978 suis
1839 2915 2138 2978 erroribus
2178 2927 2482 2998 evagatos,
2523 2929 2596 2978 ut

326 2992 549 3074 primus
587 2990 687 3050 ille
726 2989 779 3050 la
824 3013 917 3050 sus
958 2989 1068 3050 illis
1107 2991 1267 3050 velut
1305 2991 1596 3083 ingressus
1637 2991 1698 3050 in
1747 2991 2144 3073 labyrinthum
2182 2991 2374 3054 fuerit.
2453 2993 2593 3054 Hoc

327 3078 527 3128 autem
562 3066 748 3128 iustae
784 3013 905 3126 bei
939 3065 1231 3126 vindictae
1278 3077 1561 3148 assignat,
1626 3067 1788 3146 quod
1839 3067 1912 3128 ab
1963 3089 2036 3128 eo
2085 3081 2354 3153 tempore
2404 3070 2594 3130 crevit

324 3142 585 3218 insania,
644 3153 712 3201 ut
756 3141 869 3202 sibi
906 3163 1017 3222 pro
1067 3162 1188 3200 uno
1238 3141 1402 3202 idolo
1469 3141 1776 3204 innumera
1823 3158 2206 3206 accerserent.
2283 3145 2597 3238 Admonet

327 3219 447 3281 hoe
486 3215 843 3312 exemplum,
902 3229 971 3277 ut
1006 3217 1253 3278 sollicite
1292 3219 1365 3278 ad
1403 3219 1762 3297 sequendam
1798 3220 1916 3281 Dei
1953 3220 2218 3306 regulam
2255 3223 2468 3283 intenti
2507 3216 2591 3283 si-

327 3315 493 3373 mus,
559 3316 697 3375 quia
752 3293 1099 3373 simulatque
1146 3293 1239 3354 vel
1298 3294 1590 3354 tantillum
1653 3295 1726 3356 ab
1789 3317 1856 3358 ea
1905 3298 2277 3377 defleximus,
2343 3297 2458 3359 huc
2524 3312 2589 3364 et

326 3369 469 3434 illuc
502 3372 675 3434 variis
714 3371 931 3432 delitiis
972 3371 1216 3450 raptari,
1278 3370 1562 3451 implicari
1610 3371 1872 3453 plurimis
1922 3375 2472 3456 superstitionibus,
2525 3388 2589 3437 et

374 3447 563 3508 enitus
605 3448 871 3530 demergi
908 3447 968 3507 in
1012 3459 1227 3508 vastam
1266 3467 1537 3508 errorum
1576 3449 1886 3510 colluviem
1925 3472 2164 3512 necesse
2205 3465 2308 3513 est.
2383 3451 2587 3532 Atque

323 3469 479 3586 banc
512 3521 679 3586 Deus
717 3545 974 3606 poenam
1011 3525 1161 3584 iuste
1200 3523 1540 3586 hominibus
1573 3525 1817 3608 irrogat,
1857 3528 1960 3607 qui
1999 3528 2120 3588 eius
2151 3529 2335 3589 verbo
2377 3549 2586 3610 parere

324 3599 677 3680 abnuerunt.
754 3600 900 3662 Ideo
951 3600 1482 3682 dicit-Stephanus,
1529 3605 2094 3739 eonversnmofuisse
2140 3603 2368 3683 Deum,
2475 3625 2584 3666 uae

322 3675 593 3758 loquutio
632 3677 880 3759 perinde
905 3676 1057 3739 valet
1085 3697 1153 3737 ac
1174 3678 1438 3759 Tergum
1461 3677 1790 3740 obvertere.
1915 3680 2074 3741 culos
2105 3682 2262 3742 enim
2295 3704 2412 3763 quo
2461 3704 2582 3742 am·

320 3753 503 3818 modo
544 3753 606 3814 in
644 3751 926 3836 populum
948 3747 1164 3814 defixos
1202 3753 1477 3832 babebat,
1516 3777 1696 3836 quum
1718 3755 2070 3837 singularem
2109 3757 2171 3818 in
2211 3759 2580 3842 eoregendo

320 3847 519 3892 curam
567 3833 925 3892 ostenderet.
1036 3829 1213 3890 Nunc
1262 3829 1598 3892 defectione
1633 3831 1910 3894 'offensus
1970 3831 2179 3896 faciem
2238 3857 2400 3896 suam
2461 3835 2578 3896 alio

319 3907 629 3969 convertit.
705 3907 863 3967 Hinc
898 3904 1069 3967 simul
1113 3905 1249 3966 colli
1292 3926 1394 3966 ere
1433 3907 1592 3984 licet,
1629 3909 1960 3970 non-aliter
1997 3931 2170 3991 posse
2209 3933 2320 3974 nos
2359 3925 2578 3974 rectam

314 3983 468 4045 viam
504 3983 800 4065 persequi,
840 3982 951 4044 nisi
988 3985 1181 4064 quum'
1203 3927 1496 4046 Dffiminus
1533 3983 1706 4046 nobis
1744 3986 2015 4068 regendis
2053 3989 2344 4072 invigilat:
2383 4007 2578 4050 aversa

312 4072 507 4120 autem
548 4061 670 4121 eius
713 4058 859 4121 facie
896 4079 1005 4120 nos
1042 4059 1236 4120 statim
1269 4059 1336 4119 in
1376 4079 1605 4122 errores
1644 4060 1916 4123 abstrahi.
1992 4066 2118 4125 Iam
2157 4078 2299 4126 tunc
2337 4066 2574 4147 quidem

316 4155 351 4196 a
389 4135 526 4196 Deo
573 4136 767 4198 relicti
815 4146 984 4198 erant
1018 4135 1349 4214 Israelitae,
1413 4158 1592 4218 quum
1629 4137 1876 4200 vitulum
1922 4139 2308 4202 fabricarunt:
2373 4162 2576 4204 verum

315 4209 651 4290 Stephanus
688 4235 916 4296 poenae
953 4215 1323 4274 atrocitatem
1364 4214 1687 4295 exprimere
1724 4215 1942 4295 voluit,
1977 4219 2094 4280 acsi
2134 4219 2396 4294 dixisset,
2430 4232 2574 4281 tune

310 4287 493 4424 plane
550 4291 615 4364 in
676 4310 911 4354 sensum
959 4289 1281 4373 reprobum
1331 4288 1509 4351 fuisse
1557 4291 1898 4370 coniectos,
1961 4293 2456 4375 quemadmodum
2513 4303 2574 4352 et

364 4361 529 4428 aulus
565 4366 769 4447 (Rom.
806 4368 1051 4450 1,-28.).
1070 4387 1173 4433 eos
1212 4367 1318 4450 qui
1368 4363 1620 4451 gloriam
1653 4367 1792 4434 Deo
1843 4390 1969 4434 non
2017 4370 2340 4452 dederunt,
2389 4390 2570 4453 quum
