2788 4713
1055 244 1330 337 carm·
1368 276 1534 337 xm.
1680 340 1685 345 .
2298 288 2413 353 259

171 423 480 504 corruptio
523 418 756 503 penitus
793 418 1016 479 censeri
1056 418 1266 495 debet,
1305 420 1398 482 cui
1436 432 1631 500 parata
1672 434 1757 484 est
1794 425 2003 491 melior
2038 422 2422 490 instauratio?

165 500 308 561 ideo
350 498 510 559 enim
547 506 892 578 putrescunt
927 495 1181 556 fidelium
1222 515 1503 578 corpora,
1542 506 1611 559 ut
1646 496 1869 560 beatam
1908 500 2411 597 incorruptionem

163 598 278 639 suo
321 587 604 655 tempore
642 572 904 632 induant.
982 572 1099 631 Sed
1139 572 1252 633 hoc
1292 594 1417 633 non
1456 574 1672 648 obstat,
1712 580 1849 655 qu‘in
1892 577 2079 661 longe
2109 580 2300 661 dispar
2336 587 2413 644 sit

159 676 228 715 ca
277 651 382 712 itis
422 663 486 710 et
522 647 914 727 membrorum
955 648 1242 721 conditio,
1282 661 1342 709 et
1378 670 1489 710 nos
1526 650 1736 711 Filium
1756 652 1869 711 Dei
1908 655 2111 733 procul
2152 667 2213 717 et
2250 658 2411 721 iente

157 676 614 808 subsequamur.
689 724 860 784 Nunc
877 724 1134 785 videmus
1171 737 1483 805 utrumque
1522 746 1645 787 esse
1681 748 1882 806 verum
1921 741 1981 790 et
2018 748 2414 813 congruenter

164 804 326 877 dici,
365 802 528 884 quod
565 799 754 861 David
806 810 866 859 et
903 799 1126 893 reliqui,
1164 799 1360 861 fideles
1400 814 1679 881 quatenns
1716 824 1821 863 suo
1864 804 2040 885 capiti
2077 810 2409 871 conformes

161 880 360 941 futuri
397 890 536 940 sunt
571 898 693 937 non
732 876 850 937 sint
880 877 1054 936 visuri
1095 876 1554 957 corruptionem,
1595 890 1655 937 et
1689 890 1881 939 tamen
1914 904 2060 941 unus
2082 882 2197 942 Dei
2222 886 2409 945 Filius

167 958 236 1018 in
259 954 513 1017 solidum
551 974 584 1014 a
623 953 1003 1030 corruptione
1043 952 1196 1012 liber
1235 965 1294 1011 et
1329 953 1597 1015 immunis
1638 954 1830 1015 suerit.
1884 954 2155 1023 Notanda
2192 972 2281 1021 est
2317 960 2411 1021 Ιο-

173 1034 423 1113 quutio,
477 1031 652 1111 duum
693 1029 833 1089 dicit
867 1028 1146 1098 Davidem
1183 1031 1359 1089 aetati
1389 1050 1529 1089 suae
1573 1034 1897 1106 insmsssse,
1948 1034 2039 1096 vel
2080 1033 2409 1095 hominibus

175 1110 266 1169 sui
303 1106 610 1187 temporis:
665 1124 830 1164 secus
879 1102 1182 1186 distinguit
1219 1116 1380 1165 vetus
1418 1105 1737 1186 interpres,
1790 1120 1849 1167 et
1888 1109 2165 1188 quaedam
2205 1131 2413 1193 graeca

179 1182 519 1262 exemplaria
578 1180 1002 1262 suffragantur,
1062 1200 1273 1260 nempe
1320 1181 1479 1260 quod
1528 1183 1714 1243 David
1763 1196 1951 1244 aetate
1998 1207 2100 1246 sua
2147 1188 2415 1252 servierit

173 1259 294 1319 Dei
330 1258 645 1319 voluntati:
687 1274 836 1335 quae
874 1254 1052 1317 lectio
1089 1258 1319 1317 tametsi
1355 1257 1673 1337 probabilis
1711 1272 1830 1334 est,
1880 1281 2000 1321 non
2038 1272 2231 1321 tamen
2276 1264 2411 1323 facit

173 1348 244 1396 ut
292 1356 325 1396 a
371 1334 594 1395 diversa
643 1331 886 1407 avellar,
945 1350 1139 1413 neque
1185 1352 1324 1393 vero
1371 1352 1787 1413 supervacuum
1841 1349 1929 1399 est
1974 1337 2066 1397 vel
2114 1337 2412 1419 frigidum,

171 1410 540 1473 ‘obdormisse
586 1409 704 1470 Dei
751 1408 1052 1469 voluntate
1098 1408 1196 1469 vel
1243 1410 1521 1469 consilioz
1574 1412 1705 1490 quia
1743 1409 2065 1495 significat,
2112 1412 2305 1475 Deum
2345 1416 2409 1475 in

169 1500 368 1549 morte
395 1484 632 1547 Davidis
669 1504 787 1545 non
827 1484 1004 1544 fuisse
1042 1484 1286 1544 oblitum
1324 1484 1479 1545 illins
1518 1487 1803 1562 vaticinii,
1840 1491 1956 1550 acsi
1996 1490 2247 1563 diceret,
2288 1492 2431 1551 non'

172 1567 302 1626 sine
337 1564 458 1623 Dei
494 1560 740 1623 consilio
775 1560 1030 1621 Davidis’
1049 1580 1259 1642 corpus
1297 1561 1360 1619 in
1398 1560 1667 1654 sepulcro
1705 1563 1949 1625 iacuisse
1988 1565 2177 1627 donee
2217 1587 2411 1626 resur-

175 1650 379 1723 geret,
425 1650 492 1699 ut
539 1658 846 1718 suspensus
896 1636 1168 1696 indueret
1216 1658 1322 1717 pro
1367 1636 1561 1698 hetnae
1612 1637 1857 1701 effectus
1903 1661 2086 1721 usque
2121 1642 2193 1702 ad
2235 1642 2409 1704 Chri-

172 1730 350 1779 stum.
425 1715 492 1775 Si
532 1734 656 1773 non
695 1712 963 1793 displicet
998 1714 1156 1792 quod
1193 1734 1303 1805 pro
1335 1734 1461 1787 ero,
1498 1713 1635 1775 hinc
1660 1736 1967 1777 monemur
1986 1722 2259 1796 quorsum
2302 1720 2411 1779 bo-

171 1795 362 1854 mines
383 1792 579 1852 vivant
613 1790 674 1849 in
712 1788 952 1863 mundo,
991 1800 1058 1847 ut
1092 1790 1311 1851 scilicet
1349 1790 1446 1849 alii
1483 1790 1627 1851 alios
1665 1804 1862 1853 mutua
1880 1794 2405 1855 communicatione

173 1872 397 1931 iuvent.
469 1868 678 1945 Neque
718 1865 876 1925 enim
911 1866 1023 1925 sibi
1047 1866 1290 1946 quisque
1313 1878 1482 1926 natus
1522 1878 1627 1940 est,
1664 1868 1765 1927 sed
1788 1869 1941 1927 inter
1975 1889 2037 1929 se
2061 1874 2219 1949 quasi
2242 1892 2408 1931 sacro

172 1966 332 2006 nexu
386 1942 726 2021 coliigatum
783 1952 872 2001 est
932 1941 1240 2001 humanum
1288 1962 1492 2025 genus.
1590 1944 1749 2026 Ergo
1802 1944 1912 2003 nisi
1962 1945 2117 2027 leges
2167 1960 2409 2007 naturae

175 2032 446 2083 evertere
497 2019 710 2093 libeat,
754 2017 1204 2077 meminerimus·
1231 2040 1354 2079 non
1393 2018 1654 2100 privatim
1695 2019 1865 2080 nobis
1912 2020 2217 2081 vivendum
2267 2042 2411 2097 esse,

173 2098 280 2160 sed
321 2096 597 2177 proximis
635 2101 866 2157 nostris.
941 2094 1062 2153 Sed
1102 2097 1415 2175 quaeritur,
1454 2116 1650 2155 annon
1692 2097 1943 2157 curanda
1980 2097 2260 2168 sit,etiam
2295 2122 2411 2191 po·

173 2172 446 2236 ster-itas?
519 2170 909 2251 Respondeo,
966 2170 1196 2250 piorum
1237 2171 1473 2252 quidem
1520 2172 1905 2233 ministerium
1952 2172 2199 2255 posteris
2238 2187 2411 2236 etiam

173 2249 326 2311 utile
365 2268 516 2309 esset
569 2241 1052 2329 quemadmodum
1102 2246 1276 2307 bodie
1312 2249 1591 2309 sentimus
1627 2249 1907 2309 Davidem
1948 2262 2241 2309 mortuum
2280 2251 2410 2330 plus

173 2324 354 2388 nobis
389 2325 690 2407 prodesse,
728 2344 897 2404 quam
936 2340 1202 2415 magnam
1231 2343 1433 2384 eorum
1514 2334 1695 2384 artem
1718 2322 1817 2402 qui
1856 2324 2158 2386 nobiscum
2181 2326 2409 2386 vivunt:

169 2423 382 2464 verum
419 2400 757 2483 simpliciter
804 2397 1078 2481 intelligrt
1115 2399 1358 2475 Paulus,
1412 2399 1451 2458 fi
1495 2398 1610 2460 eles
1646 2412 1780 2460 toto
1820 2402 1968 2461 vitae
2009 2423 2178 2460 cursu
2216 2403 2411 2491 proxi-

172 2481 290 2540 mis
327 2497 390 2538 se
429 2491 491 2537 et
527 2497 629 2538 sua
667 2475 860 2536 officia
897 2475 1268 2566 impendere,
1305 2485 1557 2534 mortem
1594 2495 1736 2536 vero
1778 2475 1887 2536 illis
1926 2495 2049 2536 esse
2089 2497 2250 2554 quast
2286 2499 2411 2536 me·

175 2569 329 2631 tam,
451 2554 504 2613 ia
539 2565 680 2613 tunc
716 2552 1008 2634 perfuncti
1046 2563 1214 2626 sunt,
1255 2571 1433 2632 quum
1473 2570 1574 2620 eos
1610 2550 1899 2612 Dominus
1942 2572 1973 2611 e
2012 2553 2228 2611 mundo
2272 2573 2411 2613 evo-

175 2642 296 2694 cat.
422 2649 611 2690 ummo
657 2640 776 2702 est,
821 2625 1036 2688 saeculi
1081 2629 1267 2688 nostri
1315 2625 1637 2686 habendam
1687 2627 1877 2707 primo
1929 2647 2053 2688 esse
2104 2628 2411 2706 rationem,

161 2719 252 2768 ut
289 2705 566 2766 fratribus
603 2707 811 2766 nostris
848 2704 1189 2778 serviamus,
1227 2701 1569 2783 quibuscum
1606 2703 1758 2762 vitae
1796 2703 2044 2764 societas
2083 2704 2255 2764 nobis
2298 2719 2409 2766 est:

175 2782 676 2846 secundantem
715 2779 957 2841 dandam
1003 2799 1127 2840 esse
1165 2799 1431 2862 operam,
1474 2789 1555 2840 'ut
1599 2777 1904 2840 ministerii
1954 2781 2138 2840 nostri
2189 2780 2409 2841 fructus

177 2860 258 2922 ad
343 2869 568 2918 oster-os
587 2877 820 2938 qnoque
855 2855 1159 2924 redundet.
1237 2855 1439 2930 Quum
1478 2854 1851 2938 hanc.legem
1877 2853 2049 2916 servis
2090 2855 2202 2926 suis
2243 2879 2410 2936 prae-

175 2879 404 2998 :erigat
438 2933 630 3010 Deus;
676 2953 798 2994 non
845 2944 1042 3014 potest
1089 2932 1342 2994 excusari
1391 2951 1594 2992 eorum
1633 2933 1954 3009 temeritaS,
2005 2931 2108 3011 qui
2148 2945 2411 2992 mortuos

175 3014 418 3151 fingunt
461 3031 573 3092 pro
624 3009 795 3072 nobis
833 3029 1037 3088 orare,
1087 3019 1148 3069 et
1182 3007 1480 3070 Ecclesiae
1530 3031 1651 3072 non
1700 3005 1892 3070 minus
1940 3011 2191 3084 servire,
2240 3031 2414 3090 quam

225 3111 322 3150 nm
359 3089 640 3148 viverent.

343 3163 596 3225 oonsilio
642 3160 763 3221 Det
807 3155 1152 3222 abdon-adt.
1236 3162 1480 3223 Poterat
1534 3159 1874 3242 simpliciter
1935 3159 2127 3224 dicere
2180 3160 2413 3237 Paulus,

175 3251 482 3303 mortuum
515 3238 692 3300 fuisse
727 3238 1038 3299 Davidem:
1085 3237 1246 3300 addit
1290 3238 1527 3300 consilio
1562 3237 1717 3314 Dee,
1768 3249 1836 3298 ut
1881 3239 2117 3300 sciamus
2166 3238 2223 3298 in
2264 3239 2413 3298 Pro·

227 3317 398 3378 betae
445 3335 696 3398 persona
753 3335 874 3376 non
928 3315 1101 3376 fuisse
1147 3315 1541 3396 completum,
1598 3313 1759 3408 quod
1808 3314 1864 3372 in
1904 3314 2133 3374 Psalmo
2184 3314 2413 3396 legitur.

173 3339 500 3456 {lone-nur
543 3403 736 3452 tamen
781 3389 1044 3452 similiter
1092 3391 1394 3472 praefixam
1446 3390 1714 3451 divinitus
1765 3389 1933 3450 nobis
1984 3410 2107 3450 esse
2154 3389 2303 3450 vitae
2354 3401 2417 3450 et

174 3469 390 3532 mortis
427 3479 662 3540 metam,
699 3467 1180 3546 quemadmodum
1217 3467 1368 3528 Psal.
1406 3472 1503 3542 9⁰,
1538 3471 1595 3530 3.
1635 3465 1905 3540 babetur,
1954 3465 2185 3526 Emittis
2224 3465 2415 3526 bomi-

175 3566 321 3620 nes‚
385 3557 447 3606 et
491 3545 738 3604 transire
786 3543 950 3621 facis,
1018 3555 1218 3624 postea
1269 3543 1441 3618 dicis,
1506 3541 1889 3602 Revertimini
1944 3541 2049 3601 filii
2095 3542 2415 3602 hominum.

179 3623 351 3698 Quin
409 3622 580 3682 etiam
632 3619 746 3682 boc
793 3622 936 3682 scite
985 3621 1160 3680 docet
1199 3617 1402 3693 Plato,
1450 3638 1697 3697 aequum
1749 3638 1869 3678 esse
1916 3630 1983 3678 ut
2027 3618 2262 3680 nonnisi
2298 3619 2415 3678 Dei

177 3697 432 3760 arbitrio
471 3699 548 3758 mi
660 3709 727 3757 nt
771 3697 1038 3757 homines
1079 3714 1110 3755 e
1145 3706 1334 3769 terra,
1387 3694 1549 3754 euius
1596 3714 1765 3754 mann
1811 3697 1871 3753 in
1925 3713 1991 3754 ea
2040 3704 2315 3774 tanquam
2354 3692 2415 3754 in

177 3775 444 3838 statione
492 3795 523 3834 a
610 3783 844 3856 tempus
901 3771 1078 3834 locati
1124 3781 1277 3832 sunt.
1369 3767 1517 3830 Ideo
1578 3781 1769 3830 autem
1818 3769 1889 3829 de
1938 3779 2129 3830 morte
2178 3769 2413 3830 Davidis

94 3885 114 3896 -
173 3851 368 3913 verba
417 3849 630 3912 faciens
681 3847 1025 3912 nominatim
1075 3845 1301 3909 consilii
1337 3845 1453 3906 Dei
1502 3845 1797 3920 meminit,
1856 3855 1925 3908 ut
1984 3845 2228 3906 sciamus
2290 3863 2414 3904 non

179 3925 492 3990 fortuitam
529 3926 614 3988 im
649 3925 922 3991 eccidisse
959 3923 1420 4003 corruptionem,
1457 3922 1617 4002 quasi
1641 3920 1800 3981 Deus
1836 3921 1925 3982 sui
1960 3918 2225 4002 promissi
2262 3917 2417 3978 obli·

176 4015 284 4066 tus
323 4002 517 4079 foret,
561 4005 664 4066 sed
699 4003 818 4062 Dei
855 3997 1222 4084 providentia
1261 3997 1507 4075 factum,
1546 4009 1614 4057 ut
1646 3997 1979 4058 vaticinium
2014 3995 2129 4057 alio
2168 3993 2415 4054 transfe-

177 4078 437 4142 rendum
475 4099 602 4142 esse
638 4079 856 4141 scirent
889 4074 1104 4137 fideles.
1175 4071 1760 4150 Dorminetnpponi
1777 4071 2089 4149 aripenne,
2130 4067 2416 4130 formulae

179 4168 326 4219 sunt
362 4154 646 4237 loquendi
693 4155 962 4218 notiores
997 4161 1062 4214 et
1105 4151 1282 4234 mgis
1329 4150 1503 4214 tritae
1550 4170 1723 4230 quam
1758 4161 1827 4210 ut
1862 4144 2283 4230 expositionem
2316 4163 2414 4206 rc-

184 4233 447 4314 quirunt.
1995 4232 2008 4243 ‘
2228 4253 2235 4260 ·

1692 4447 1829 4519 17·
