2788 4713
1045 268 1320 333 CAPUT
1366 268 1547 345 xxv.
1714 300 1721 324 .
2308 260 2427 344 rsa

189 412 444 495 ligimus,
480 410 788 481 evanidam
825 410 1002 475 fuisse
1037 425 1279 489 metum,
1315 432 1491 495 quem
1525 412 1686 475 Felix
1722 432 1789 475 ω
1826 414 2215 497 disputatione
2250 416 2421 483 Pauli

187 488 370 569 cepit,
405 489 640 567 quando
680 506 812 549 eum
847 507 978 567 spes
1015 488 1162 550 lucri
1199 491 1438 573 instigat
1474 491 1753 573 cogitque
1789 490 1861 551 ad
1900 511 2033 555 eum
2069 496 2419 574 vocandum,

187 583 364 645 quem
397 584 542 655 prae
579 576 740 625 metu
777 576 1008 627 coactus
1043 564 1236 627 fuerat
1271 587 1306 627 a
1341 585 1408 628 se
1442 566 1732 649 ablegare.
1808 566 2130 643 Quomodo
2166 574 2419 653 pretium

184 651 443 719 speravit
461 640 626 701 Felix
663 660 732 701 ex
768 639 1004 701 homine
1039 641 1221 722 inope
1257 654 1318 702 et
1355 642 1673 703 destituto?
1709 662 1832 705 non
1872 644 2029 703 enim
2068 644 2167 705 ille
2204 668 2417 733 gurges

182 715 414 777 modica
449 716 664 809 praeda
701 729 1011 811 contentus
1051 717 1265 779 fuisset.
1315 717 1465 778 Mihi
1501 718 1901 811 dubium-non
1940 736 2001 781 es
2086 730 2153 781 ut
2186 743 2417 805 sagaces

181 801 424 927 33:¹23..ss
425 804 780 931 135322213.
797 792 1176 961 ’,[ῗίὲέἒὲξὲ
1196 794 1463 945 mlta,
1485 793 1963 951 ἒὲἶΐῑῖξῗέἓέι
1983 808 2419 963 ’.ιέἳρξῗῖῖἶῗ

182 942 495 1005 odoratum
534 965 679 1020 esse,
715 964 927 1026 nempe
962 944 1262 1006 bominem
1298 964 1423 1007 esse
1461 966 1583 1007 non
1618 943 1932 1029 vulgarem,
1968 947 2069 1009 se'd
2108 968 2209 1027 qm
2234 950 2418 1031 gratia

148 1017 443 1104 ‘polleret
476 1042 508 1081 a
553 1021 630 1083 ud
665 1021 909 1083 multos:
959 1039 1137 1101 quare
1187 1041 1312 1083 non
1357 1021 1675 1098 dubitavit-¹,
1723 1022 2051 1109 complures
2100 1042 2171 1093 ex
2217 1024 2417 1090 amicis

179 1106 476 1175 sumptum
537 1096 767 1157 ibenter
802 1097 1089 1171 facturos,
1127 1108 1192 1157 ut
1229 1116 1363 1157 eum
1402 1098 1773 1159 redimerent.

332 1178 426 1238 28.
471 1172 726 1234 Biennio
760 1186 948 1234 mam
979 1171 1227 1308 affluo.
1279 1172 1497 1249 Quum·
1516 1174 1695 1236 sciret
1713 1173 1947 1253 Paulus,
1983 1176 2409 1238 mercenarium

175 1246 433 1309 iudicem
479 1249 679 1311 oblata
716 1249 960 1330 pecunia
995 1248 1042 1307 si
1089 1249 1108 1307 i
1145 1248 1276 1311 fore
1311 1251 1661 1331 propitium,
1712 1262 1773 1311 et
1806 1251 1944 1315 satis
1982 1250 2225 1335 longum
2258 1264 2413 1313 tem-

173 1344 288 1403 pus
309 1322 596 1386 ‘babuerit
629 1324 705 1385 ad
741 1344 867 1384 eam
905 1322 1314 1410 colligendam,
1347 1326 1655 1405 probabile
1692 1338 1801 1404 est,
1836 1347 1959 1389 non
1980 1326 2169 1390 solum
2197 1347 2274 1409 pe
2317 1348 2413 1409 er·-

175 1398 330 1459 cisse
365 1399 657 1477 fratribus,
693 1400 796 1461 scd
833 1400 1004 1461 etiam
1041 1401 1115 1460 ab
1153 1401 1256 1462 illo
1295 1400 1731 1466 nundinationis
1766 1422 1985 1487 genere
2020 1402 2177 1465 abbo
2356 1424 2413 1481 e,

223 1494 302 1535 uo
339 1475 608 1537 sanctitas
631 1474 870 1571 politici
907 1476 1128 1538 ordinis
1163 1476 1285 1539 ind·
1329 1496 1405 1537 ne
1440 1476 1736 1558 polluitur.
1809 1480 1939 1540 lam
2006 1500 2145 1541 uum
2176 1480 2417 1545 soleant

173 1494 512 1628 anaides,
559 1551 662 1612 ubi
711 1572 744 1612 e
791 1552 1090 1633 provincia
1139 1554 1280 1614 dece
1323 1564 1460 1627 unt,
1517 1572 1649 1614 reos
1698 1572 1767 1613 ex
1808 1554 1979 1614 vincu
2002 1555 2050 1615 is
2096 1555 2413 1633 dimittere,

174 1648 331 1707 quos
367 1626 531 1688 nullo
570 1628 812 1688 crimine
849 1629 1160 1691 obstrictos
1197 1629 1500 1703 noverint,
1536 1626 1698 1689 Felix
1734 1629 2083 1691 contrariam
2117 1631 2411 1693 ineundae

171 1703 398 1785 gratiae
436 1703 724 1765 rationem
759 1704 978 1765 babuit.
1055 1704 1381 1785 Conquesti
1400 1704 1625 1786 saepius
1659 1703 1857 1765 Iudaei
1884 1704 2116 1767 fuerant
2141 1706 2214 1767 de
2248 1706 2409 1787 turpi
2486 1695 2511 1718 '

173 1779 302 1839 eius
350 1790 621 1859 quaestu,
681 1780 754 1840 de
801 1780 1048 1861 rapinis,
1099 1783 1333 1843 saevitia
1381 1779 1709 1861 effrenique
1767 1778 2211 1863 gubernatione.
2284 1782 2413 1843 Tot

171 1854 344 2004 3¹5?
345 1854 1022 1995 '23’13‘25325'1‘32s532
1025 1854 2409 2013 “3ffl.‘5²⁶i›²:aiiffl¹¹zeffi.fxss²zzzssffss¹5“¹⁰32

167 2007 472 2069 innoxium
510 2007 626 2069 Dei
667 2028 900 2071 servum
945 2009 1107 2071 velut
1151 1976 1443 2075 catharina
1488 2028 1601 2097 pro
1632 2009 1766 2075 suis
1816 2006 2113 2073 maleficiis
2158 2008 2233 2071 ad
2280 2007 2405 2094 pla-

170 2082 392 2149 candos
428 2084 760 2152 sacerdotes
793 2084 1106 2150 substituit.

800 2493 866 2583 c
933 2418 1142 2584 A‘P
1202 2497 1284 2581 U
1340 2495 1415 2584 T
1527 2490 1774 2630 xxv

339 2749 399 2814 1.
441 2748 670 2816 Festus
701 2771 855 2836 ergo
887 2761 1182 2840 suscepta
1223 2751 1577 2839 provincia,
1616 2757 1765 2836 post
1804 2741 2082 2812 triduum
2110 2745 2399 2814 aseendit

169 2849 693 2936 Hierosolymam
758 2850 840 2916 ab
903 2851 1066 2917 urbe
1121 2852 1464 2922 Caesarea.
1540 2849 1603 2914 2.
1669 2847 2247 2934 significan-umque
2299 2844 2396 2911 illi

167 2949 502 3036 Principes
542 2951 958 3018 sacerdotum
999 2975 1074 3017 ac
1124 2955 1438 3040 primores
1476 2947 1859 3018 Iudaeorum
1916 2947 2001 3018 de
2042 2945 2287 3034 Paulo,
2332 2956 2397 3014 et

167 3052 486 3138 rogabant
525 3075 686 3133 eum,
765 3053 827 3118 3.
866 3051 1269 3120 Postulantes
1311 3052 1601 3119 favorem
1640 3049 1946 3116 adversus
1988 3069 2149 3125 eum,
2186 3055 2258 3112 ut
2298 3067 2398 3111 ac-

169 3164 454 3219 cerseret
493 3173 636 3220 eum
685 3153 1230 3240 Hierosolymamz
1271 3149 1535 3220 insidias
1574 3148 1933 3230 tendentes,
1969 3156 2040 3213 ut
2076 3146 2397 3216 interfice-

169 3263 316 3318 rent
357 3275 504 3318 eum
541 3256 612 3320 in
649 3255 774 3320 via.
857 3255 916 3320 4.
965 3255 1194 3320 Festus
1248 3263 1458 3320 autem
1506 3247 1872 3334 respondit,
1912 3258 1985 3314 ut
2033 3255 2399 3314 servaretur

171 3351 432 3439 quid-em
483 3349 720 3418 Paulus
773 3350 1163 3432 Caesareae,
1223 3373 1296 3419 se
1337 3369 1497 3417 vero
1547 3347 1737 3417 brevi
1774 3347 1895 3416 illo
1944 3346 2396 3436 profecturum.

171 3455 233 3520 5.
289 3451 428 3540 Qui
469 3473 625 3540 ergo
663 3457 832 3522 inter
869 3475 1019 3531 vos,
1059 3455 1293 3539 inquit,
1333 3460 1633 3540 possunt,
1674 3468 1799 3517 una
1840 3447 2261 3516 descendam
2330 3457 2396 3512 et

170 3557 230 3622 si
269 3553 448 3640 quod
489 3557 691 3620 estin
745 3553 872 3622 boo
918 3555 1062 3619 viro
1117 3555 1384 3630 crimen,
1440 3563 1739 3618 accusent
1793 3571 1953 3618 eum.
2036 3549 2097 3618 6.
2154 3547 2395 3616 Demo-

169 3665 348 3722 ratus
387 3665 597 3720 autem
625 3655 794 3720 inter
831 3675 946 3720 eos
973 3651 1204 3719 diebus
1247 3651 1517 3738 amplius
1556 3673 1743 3739 quam
1779 3649 2019 3730 decem,
2058 3643 2396 3716 deseendit

172 3749 588 3820 Caesaream:
670 3775 746 3818 ac
805 3753 1068 3850 p‘ostero
1133 3753 1240 3818 die
1295 3751 1465 3818 sedit
1516 3773 1639 3838 pro
1701 3749 2029 3830 tribunali,
2084 3747 2391 3832 iussitque

168 3851 440 3924 Paulum
487 3851 738 3924 adduci.
820 3855 879 3918 7.
925 3851 1061 3940 Qui
1102 3873 1292 3939 quum
1331 3852 1678 3940 perductus
1719 3865 1913 3932 esset,
1971 3853 2393 3920 circumstete-

170 3963 345 4032 runt,
408 3958 518 4040 qui
581 3952 663 4021 ab
718 3952 1190 4038 Hierosolymis
1246 3952 1711 4020 descenderant
1756 3951 2005 4027 Iudaei,
2065 3945 2261 4013 multa
2326 3953 2395 4010 et

170 4056 386 4140 gravia
425 4049 684 4120 crimina
725 4052 1128 4138 proferentes
1171 4052 1473 4118 adversus
1512 4054 1797 4130 Paulum,
1836 4070 2003 4136 quae
2038 4069 2175 4116 non
2214 4055 2396 4134 pote-

171 4165 315 4220 rant
359 4152 664 4240 probare:
735 4157 792 4219 8.
835 4155 981 4240 Ipso
1027 4151 1397 4232 excusante,
1436 4153 1613 4240 quod
1654 4171 1870 4238 neque
1909 4153 1975 4214 in
2016 4150 2253 4235 Legem
2293 4147 2393 4210 lu-

173 4253 508 4332 daeorum,
559 4275 772 4348 neque
813 4257 880 4326 in
919 4253 1220 4344 templum
1237 4304 1256 4332 ,
1305 4276 1523 4342 neque
1560 4257 1631 4324 in
1672 4249 2015 4324 Caesarem
2056 4250 2390 4340 quicquam

172 4365 512 4442 peccasset.
1211 4378 1218 4388 ·
1377 4383 1382 4392 ·
1588 4385 1594 4399 ¹
