2788 4713
1070 218 1344 286 CAPUT
1383 217 1544 280 xvt.
1709 251 1718 286 ,ι
2250 269 2258 276 .
2313 218 2432 284 315

192 367 285 432 lus
335 377 396 428 et
444 387 555 448 pro
619 367 749 426 iure
796 361 937 427 disci
1002 363 1131 424 'nae
1172 361 1414 424 mtiliter
1471 361 1748 438 comitem
1801 360 2110 426 admittere
2165 358 2434 436 nolebat,

193 448 357 506 cuius
404 441 581 503 semel
632 452 899 522 expertus
976 451 1142 501 uerat
1196 438 1676 512 inconstantiam,
1728 438 1829 499 sed
1880 460 2057 518 quum
2101 436 2431 500 Barnabam
2489 483 2500 503 .

191 521 541 602 pertinacius
588 519 811 579 videret
860 519 1101 588 instare,
1147 516 1357 577 cedere
1397 525 1627 595 poterat
1673 513 1795 575 eius
1833 526 1994 574 voto.
2067 513 2256 576 Pluris
2296 513 2430 594 qui-

196 597 331 658 dem
370 616 493 656 esse
532 595 706 656 nobis
742 593 921 654 debet
955 593 1193 667 veritas,
1230 612 1404 670 quam
1443 591 1620 651 totius
1659 589 1863 650 mundi
1901 589 2105 672 gratia,
2146 591 2246 675 sed
2285 613 2429 686 pru-

195 673 408 734 denter
456 671 778 766 expendere
829 669 1134 740 convenit,
1194 680 1470 747 quantum
1519 665 1794 746 ponderis
1845 666 1921 726 sit
1970 665 2030 725 in
2080 686 2143 725 re
2195 666 2267 728 de
2317 685 2430 748 qua

195 748 405 830 agitur.
486 749 635 808 ham
684 747 732 808 si
780 746 839 806 in
891 765 954 805 re
1002 745 1169 818 nihili
1217 742 1309 826 yel
1358 741 1566 802 nuliius
1611 741 2030 802 aedificationis
2076 763 2235 802 suam
2281 764 2430 803 con-

192 825 461 886 stantiam
501 824 627 904 quis
666 834 954 896 ostentet,
1002 833 1168 883 acuat
1204 839 1266 882 se
1305 820 1376 888 ad
1418 831 1744 894 certamen,
1791 838 1903 879 nec
1942 818 2094 877 tueri
2129 819 2201 878 ad
2241 832 2431 879 extre-

194 899 621 960 mum'desinat
656 898 812 978 quod
849 895 1027 960 semel
1069 896 1315 977 placuit,
1362 897 1538 956 stulta
1587 894 1703 954 erit
1748 904 1810 954 et
1858 913 2126 974 perversa
2169 893 2430 955 obstina-

194 975 301 1036 tio.
378 977 512 1037 Fuit
548 975 721 1036 etiam
758 974 947 1036 media
986 973 1175 1052 aliqua
1210 971 1391 1044 ratio,
1446 992 1557 1051 qua
1597 969 1806 1050 Paulus
1843 969 1919 1030 ali
1965 969 2062 1028 uid
2105 969 2269 1030 daret
2305 970 2432 1032 col-

196 1052 253 1114 le
297 1072 363 1112 ae
412 1053 499 1112 sui
550 1049 1005 1132 importunitati,
1061 1069 1171 1110 nec
1219 1060 1410 1110 tamen
1463 1068 1493 1117 a
1543 1046 1791 1107 veritate
1840 1046 1910 1105 de
1959 1057 2196 1106 ecteret.
2291 1049 2430 1108 Non
2527 1115 2536 1124 ‚

196 1129 271 1190 de
318 1129 401 1190 uit
437 1129 637 1200 Marco
678 1125 959 1197 blandiri,
999 1145 1107 1192 nec
1147 1123 1500 1184 dissimulare
1539 1123 1662 1183 eius
1703 1132 2031 1203 peccatum,
2078 1122 2177 1184 sed
2219 1123 2431 1206 religio

194 1205 353 1265 nulla
394 1201 691 1276 obstabat,
732 1203 871 1282 quin
913 1201 1098 1262 libere
1135 1201 1482 1261 sententiam
1523 1219 1682 1260 suam
1720 1198 2015 1280 professus
2051 1199 2202 1258 vinci
2237 1211 2432 1261 tamen

192 1301 259 1340 se
296 1293 593 1361 pateretur
643 1279 704 1338 iu
757 1299 825 1336 ea
866 1299 1065 1352 causa,
1112 1298 1259 1356 quae
1308 1295 1418 1336 nec
1466 1295 1636 1336 sanae
1687 1275 2024 1349 doctrinae,
2076 1295 2186 1336 nec
2234 1277 2431 1338 salutis

191 1355 491 1418 bominum
530 1357 808 1416 iacturam
848 1375 1043 1414 secum
1080 1351 1375 1412 trahebat:
1423 1351 1580 1432 quod
1620 1349 1756 1411 ideo
1796 1349 2109 1428 admoneo,
2146 1363 2214 1411 nt
2252 1354 2434 1414 disca-

192 1453 321 1568 :pus
361 1434 534 1568 “iim
573 1432 635 1491 in
679 1430 909 1510 optimis
950 1428 1133 1490 causis
1168 1428 1361 1490 studio
1402 1439 1607 1488 nostro
1647 1427 1966 1504 moderari,
2003 1447 2080 1488 ne
2118 1427 2269 1492 ultra
2304 1451 2434 1493 mo-

240 1530 335 1568 um
378 1529 410 1568 c
466 1518 678 1570 erveat.

852 1808 917 1896 C
980 1807 1170 1956 At>
1230 1795 1313 1895 U
1370 1805 1444 1893 T
1561 1807 1776 1898 XVI.

364 2022 421 2088 1.
505 2021 808 2088 Pervenit
856 2031 1073 2102 ‚autem
1124 2018 1396 2086 Derben
1454 2030 1517 2086 et
1557 2021 1882 2116 Lystramz
1939 2031 2004 2089 et
2050 2045 2202 2090 ecce
2254 2022 2440 2092 disci-

194 2121 387 2210 pulus
442 2123 712 2209 quidam'
754 2134 889 2188 erat
946 2121 1039 2186 ibi
1091 2127 1353 2190 nomine
1408 2124 1814 2201 TimotheuS,
1880 2123 2056 2207 filius
2109 2127 2436 2193 cuiusdam

196 2223 487 2290 mulieris
528 2215 803 2287 iudaeae
846 2222 1091 2300 fidelia,
1146 2218 1329 2310 patre
1378 2237 1588 2290 autem
1633 2225 1908 2290 Graeco.
1989 2227 2047 2289 2.
2101 2227 2230 2290 Hic
2267 2231 2442 2292 testi-

195 2327 476 2391 monium
532 2323 772 2389 bonum
830 2323 1111 2388 babebat
1164 2347 1199 2389 a
1259 2325 1560 2390 fratribus
1573 2317 1622 2403 ‚'
1663 2326 1774 2409 qui
1828 2323 2078 2409 Lystris
2135 2337 2319 2392 erant
2374 2337 2440 2393 et

194 2426 419 2492 Iconii.
498 2426 559 2489 3.
616 2426 807 2492 Hunc
856 2422 1067 2489 voluit
1120 2425 1358 2509 Paulus
1412 2423 2033 2509 secumsproficisci,
2094 2436 2156 2521 et
2206 2448 2442 2493 assum·-

196 2536 377 2613 ptum
428 2524 853 2602 circumcidit,
914 2534 1183 2609 propter
1228 2525 1555 2605 Iudaeo&
1591 2526 1702 2609 qui
1747 2532 1929 2587 erant
1969 2525 2038 2587 in
2077 2523 2204 2588 illis
2249 2524 2442 2591 locis:

198 2626 491 2692 sciebant
570 2628 737 2689 enim
814 2646 1069 2705 omneS,
1152 2624 1329 2712 quod
1409 2632 1593 2709 pater
1677 2624 1815 2686 eius
1889 2633 2060 2690 esset
2135 2622 2443 2692 Graecus·

197 2726 263 2791 4.
306 2708 521 2811 Quhm
566 2735 775 2790 autem
820 2728 1279 2810 pertransirent
1322 2725 1638 2801 civitatee,
1695 2722 2012 2789 servanda
2063 2710 2192 2790 illis
2234 2726 2445 2791 trade-
2527 2764 2534 2776 ·

196 2824 363 2891 hant
400 2825 655 2913 placita,
688 2848 857 2914 quae
900 2827 1157 2891 decreta
1197 2834 1378 2918 crant
1421 2824 1502 2889 ab
1544 2822 1876 2909 Apostolis
1917 2833 1981 2889 et
2022 2822 2446 2911 Presbyteri&

204 2928 319 3013 qui
363 2937 542 2992 erant
582 2926 1099 3014 Hierosolymae.
1174 2927 1232 2991 5.
1276 2927 1498 3013 Itaque
1545 2922 1856 2989 ecclesiae
1899 2925 2445 3009 confirmabantur

199 3024 369 3105 fide,
421 3039 485 3095 et
526 3026 948 3094 abundabant
987 3032 1257 3093 numero
1300 3022 1634 3117 quotidie.-

355 3193 411 3251 1.
484 3179 735 3247 Nar-'rare
779 3186 891 3247 iam
940 3184 1147 3265 incipit
1180 3182 1399 3261 Lucas,
1448 3182 1644 3264 quales
1689 3182 1859 3244 Pauli
1905 3182 2127 3245 fuerint
2171 3204 2446 3267 progr-es·
2523 3166 2532 3183 ⁸

200 3284 332 3335 sus,
376 3274 513 3353 post
562 3262 685 3323 eius
733 3276 794 3322 et
838 3262 1137 3321 Barnabae
1188 3258 1520 3321 divortium.
1597 3261 1686 3320 Ac
1737 3262 1924 3341 ptimo
1974 3260 2208 3341 quidem
2261 3260 2446 3321 refert

201 3340 427 3417 Lystris
477 3349 827 3417 assumptum
875 3338 946 3397 ab
999 3357 1071 3397 eo
1124 3336 1293 3399 fuisse
1342 3336 1718 3397 Timotheum
1771 3338 2070 3397 comitem:
2130 3340 2329 3397 verum
2379 3349 2445 3397 ut
2521 3402 2524 3407 ,

202 3414 450 3473 sciamus
500 3410 647 3474 nihii
694 3426 915 3474 temere
960 3412 1055 3473 vel
1101 3413 1289 3473 minus
1337 3412 1606 3473 consulto
1655 3411 1860 3474 fecisse
1907 3413 2182 3489 Paulum,
2231 3414 2446 3474 diserte

204 3489 475 3567 exprimit
519 3486 752 3567 Lucas,
800 3488 1107 3569 probatum
1171 3488 1347 3548 fuisse
1396 3488 1776 3549 Timotheum
1839 3488 2145 3562 fratribus,
2206 3490 2444 3570 eiusque

206 3564 483 3647 pietatem
528 3564 697 3626 fuisse
734 3577 1025 3626 testatam:
1075 3564 1159 3624 sic
1198 3564 1354 3624 enim
1394 3562 1466 3622 ad
1507 3565 1744 3624 verbum
1787 3565 2063 3645 loquitur.
2129 3566 2325 3646 Atque
2367 3569 2448 3628 ita

208 3660 385 3720 quem
422 3637 562 3701 aiibi
600 3638 889 3701 delectum
926 3640 1137 3701 Paulus
1188 3640 1247 3699 in
1292 3641 1636 3720 cooptandis
1682 3642 1962 3703 ministris
2011 3642 2210 3703 haberi
2260 3642 2484 3717 iubet„

208 3738 369 3783 nunc
404 3717 527 3799 ipse
568 3717 853 3777 observat.
936 3718 1145 3796 Neque
1194 3716 1349 3775 enim
1398 3716 1708 3795 probabile
1749 3730 1864 3795 est,
1911 3720 2026 3779 iam
2070 3732 2213 3779 tunc
2264 3720 2451 3779 editas

210 3794 386 3855 fuisse
426 3792 795 3873 prophetias,
849 3794 1059 3874 quibus
1110 3815 1139 3851 a
1192 3793 1418 3872 Spiritu
1457 3792 1832 3854 Timotheum
1883 3794 2058 3855 fuisse
2108 3795 2446 3877 insignitum

207 3868 353 3941 alibi
392 3870 555 3930 testis
594 3882 681 3930 est
718 3868 927 3931 Paulus
967 3868 1039 3945 (1.
1082 3868 1234 3929 Tim.
1275 3876 1332 3939 1,
1370 3874 1502 3939 18.).
1595 3868 1714 3930 Sed
1751 3870 1978 3932 videtur
2014 3872 2075 3933 in
2117 3891 2188 3931 eo
2226 3871 2447 3949 aliquid

210 3966 337 4007 esse
389 3946 732 4022 discrimen,
826 3946 945 4005 uod
994 3946 1179 4007 Lucas
1226 3946 1367 4005 dicit
1404 3946 1780 4007 Timotheum
1829 3946 1975 4009 boni
2032 3950 2186 4007 inter
2242 3946 2446 4007 fratres

208 4024 388 4104 fuisse
428 4022 715 4083 nominis:
775 3966 985 4095 gaulus
1034 4035 1223 4081 autem
1263 4020 1382 4082 vult
1434 4043 1566 4083 eum
1617 4023 1770 4084 bene
1817 4025 2018 4085 audire
2067 4020 2216 4102 apud
2260 4034 2446 4082 extra-

208 4120 379 4175 neos,
418 4100 516 4179 qui
558 4101 616 4159 in
662 4098 997 4179 episcopum
1037 4098 1271 4181 eligitur
1306 4098 1376 4157 (Ι.
1417 4098 1572 4159 Tim.
1610 4106 1668 4173 3,
1707 4106 1804 4237 23.
1861 4100 2240 4181 Respondco,
2279 4119 2450 4177 prae-

210 4176 384 4257 cipue
421 4176 799 4257 spectandum
830 4195 953 4235 esse
984 4174 1213 4255 piorum
1250 4175 1548 4250 iudicium,
1587 4189 1654 4236 ut
1690 4178 1806 4239 soi
1840 4188 1974 4239 sunt
2003 4175 2212 4236 ‘idonei
2251 4188 2450 4251 testes,

210 4264 273 4313 et
320 4252 428 4313 soli
480 4276 549 4313 ex
584 4253 697 4312 Dei
738 4252 959 4332 Spiritu
998 4265 1155 4311 recte
1207 4262 1265 4311 et
1305 4252 1626 4332 prudenter
1662 4252 2024 4319 discernunt:
2085 4251 2268 4333 impiis
2307 4273 2448 4313 vero

210 4328 397 4391 nihilo
448 4328 575 4411 plus
625 4326 1000 4396 tribuendum
1053 4348 1177 4391 esse
1226 4348 1394 4409 quam
1435 4328 1642 4391 coecis.
1719 4328 1881 4411 Ergo
1921 4327 2150 4407 pietatis
2185 4342 2448 4393 sanctae-

1130 4440 1154 4470 „
1853 4442 1869 4456 .,
