<?xml version="1.0" encoding="UTF-8"?>
<!DOCTYPE html PUBLIC "-//W3C//DTD XHTML 1.0 Transitional//EN"
    "http://www.w3.org/TR/xhtml1/DTD/xhtml1-transitional.dtd">
<html xmlns="http://www.w3.org/1999/xhtml" xml:lang="en" lang="en">
 <head>
  <title>
</title>
<meta http-equiv="Content-Type" content="text/html;charset=utf-8" />
  <meta name='ocr-system' content='tesseract 3.04.00' />
  <meta name='ocr-capabilities' content='ocr_page ocr_carea ocr_par ocr_line ocrx_word'/>
</head>
<body>
  <div class='ocr_page' id='page_1' title='image "./ioanniscalvinii05tholgoog/ioanniscalvinii05tholgoog_0148.png"; bbox 0 0 2788 4713; ppageno 0'>
   <div class='ocr_carea' id='block_1_1' title="bbox 374 220 1854 298">
    <p class='ocr_par' dir='ltr' id='par_1_1' title="bbox 374 220 1854 298">
     <span class='ocr_line' id='line_1_1' title="bbox 374 220 1854 298; baseline -0.006 -2"><span class='ocrx_word' id='word_1_1' title='bbox 374 232 495 298; x_wconf 76' lang='lat'><strong>128</strong></span> <span class='ocrx_word' id='word_1_2' title='bbox 1170 222 1260 286; x_wconf 80' lang='lat' dir='ltr'><strong>m</strong></span> <span class='ocrx_word' id='word_1_3' title='bbox 1296 222 1526 285; x_wconf 74' lang='lat' dir='ltr'>ACTA</span> <span class='ocrx_word' id='word_1_4' title='bbox 1563 220 1854 287; x_wconf 58' lang='lat' dir='ltr'><strong>APOST:</strong></span> 
     </span>
    </p>
   </div>
   <div class='ocr_carea' id='block_1_2' title="bbox 374 366 2658 1447">
    <p class='ocr_par' dir='ltr' id='par_1_2' title="bbox 374 366 2658 1447">
     <span class='ocr_line' id='line_1_2' title="bbox 374 366 2646 450; baseline -0.004 -12"><span class='ocrx_word' id='word_1_5' title='bbox 374 376 621 447; x_wconf 73' lang='lat' dir='ltr'><strong>Mosen,</strong></span> <span class='ocrx_word' id='word_1_6' title='bbox 662 370 801 433; x_wconf 87' lang='lat' dir='ltr'><strong>dum</strong></span> <span class='ocrx_word' id='word_1_7' title='bbox 850 368 1027 433; x_wconf 84' lang='lat' dir='ltr'><strong>alium</strong></span> <span class='ocrx_word' id='word_1_8' title='bbox 1075 368 1390 431; x_wconf 81' lang='lat' dir='ltr'><strong>doctorem</strong></span> <span class='ocrx_word' id='word_1_9' title='bbox 1437 368 1747 450; x_wconf 86' lang='lat' dir='ltr'><strong>proponit·</strong></span> <span class='ocrx_word' id='word_1_10' title='bbox 1775 388 1848 431; x_wconf 87' lang='lat' dir='ltr'><strong>ac</strong></span> <span class='ocrx_word' id='word_1_11' title='bbox 1895 366 2302 444; x_wconf 78' lang='lat' dir='ltr'>commendat,</span> <span class='ocrx_word' id='word_1_12' title='bbox 2357 367 2646 450; x_wconf 83' lang='lat' dir='ltr'><strong>populum</strong></span> 
     </span>
     <span class='ocr_line' id='line_1_3' title="bbox 376 439 2648 529; baseline -0.002 -17"><span class='ocrx_word' id='word_1_13' title='bbox 376 472 503 517; x_wconf 86' lang='lat' dir='ltr'><strong>nou</strong></span> <span class='ocrx_word' id='word_1_14' title='bbox 540 464 748 511; x_wconf 88' lang='lat' dir='ltr'><strong>tenere</strong></span> <span class='ocrx_word' id='word_1_15' title='bbox 786 448 901 509; x_wconf 84' lang='lat' dir='ltr'><strong>sibi</strong></span> <span class='ocrx_word' id='word_1_16' title='bbox 937 447 1044 507; x_wconf 86' lang='lat' dir='ltr'><strong>uni</strong></span> <span class='ocrx_word' id='word_1_17' title='bbox 1078 446 1397 509; x_wconf 88' lang='lat' dir='ltr'><strong>addictum.</strong></span> <span class='ocrx_word' id='word_1_18' title='bbox 1473 446 1742 507; x_wconf 85' lang='lat' dir='ltr'><strong>Fuerunt</strong></span> <span class='ocrx_word' id='word_1_19' title='bbox 1781 439 2018 527; x_wconf 76' lang='lat' dir='ltr'><strong>quidem</strong></span> <span class='ocrx_word' id='word_1_20' title='bbox 2054 445 2426 527; x_wconf 74' lang='lat' dir='ltr'><strong>Prophetae,</strong></span> <span class='ocrx_word' id='word_1_21' title='bbox 2463 446 2648 529; x_wconf 81' lang='lat' dir='ltr'><strong>Legis</strong></span> 
     </span>
     <span class='ocr_line' id='line_1_4' title="bbox 376 520 2650 615; baseline -0.003 -27"><span class='ocrx_word' id='word_1_22' title='bbox 376 530 503 588; x_wconf 87' lang='lat' dir='ltr'><strong>inte</strong></span> <span class='ocrx_word' id='word_1_23' title='bbox 580 538 765 601; x_wconf 86' lang='lat' dir='ltr'><strong>retes,</strong></span> <span class='ocrx_word' id='word_1_24' title='bbox 805 536 867 583; x_wconf 92' lang='lat' dir='ltr'><strong>et</strong></span> <span class='ocrx_word' id='word_1_25' title='bbox 904 536 1032 584; x_wconf 89' lang='lat' dir='ltr'><strong>tota</strong></span> <span class='ocrx_word' id='word_1_26' title='bbox 1070 544 1283 585; x_wconf 85' lang='lat' dir='ltr'><strong>eorum</strong></span> <span class='ocrx_word' id='word_1_27' title='bbox 1336 522 1604 582; x_wconf 89' lang='lat' dir='ltr'><strong>doctrina</strong></span> <span class='ocrx_word' id='word_1_28' title='bbox 1652 522 1836 584; x_wconf 75' lang='lat' dir='ltr'><strong>veluti</strong></span> <span class='ocrx_word' id='word_1_29' title='bbox 1887 520 2179 615; x_wconf 84' lang='lat' dir='ltr'><strong>appendix</strong></span> <span class='ocrx_word' id='word_1_30' title='bbox 2229 542 2438 582; x_wconf 89' lang='lat' dir='ltr'><strong>eorum</strong></span> <span class='ocrx_word' id='word_1_31' title='bbox 2493 542 2650 602; x_wconf 86' lang='lat' dir='ltr'><strong>quae</strong></span> 
     </span>
     <span class='ocr_line' id='line_1_5' title="bbox 423 598 2651 682; baseline -0.004 -17"><span class='ocrx_word' id='word_1_32' title='bbox 423 624 488 665; x_wconf 85' lang='lat' dir='ltr'><strong>er</strong></span> <span class='ocrx_word' id='word_1_33' title='bbox 592 623 734 663; x_wconf 87' lang='lat' dir='ltr'><strong>osen</strong></span> <span class='ocrx_word' id='word_1_34' title='bbox 775 602 1009 682; x_wconf 87' lang='lat' dir='ltr'><strong>prodita</strong></span> <span class='ocrx_word' id='word_1_35' title='bbox 1052 600 1310 660; x_wconf 78' lang='lat' dir='ltr'><strong>fuerant:</strong></span> <span class='ocrx_word' id='word_1_36' title='bbox 1350 598 1454 659; x_wconf 87' lang='lat' dir='ltr'><strong>sed</strong></span> <span class='ocrx_word' id='word_1_37' title='bbox 1496 620 1677 677; x_wconf 89' lang='lat' dir='ltr'><strong>quum</strong></span> <span class='ocrx_word' id='word_1_38' title='bbox 1717 599 1891 659; x_wconf 89' lang='lat' dir='ltr'><strong>simul</strong></span> <span class='ocrx_word' id='word_1_39' title='bbox 1929 598 2085 660; x_wconf 73' lang='lat' dir='ltr'><strong>:stud</strong></span> <span class='ocrx_word' id='word_1_40' title='bbox 2125 610 2451 673; x_wconf 81' lang='lat' dir='ltr'><strong>constaret,</strong></span> <span class='ocrx_word' id='word_1_41' title='bbox 2504 618 2651 679; x_wconf 80' lang='lat' dir='ltr'><strong>per-</strong></span> 
     </span>
     <span class='ocr_line' id='line_1_6' title="bbox 406 674 2652 759; baseline -0.003 -17"><span class='ocrx_word' id='word_1_42' title='bbox 406 680 591 742; x_wconf 86' lang='lat' dir='ltr'><strong>eetius</strong></span> <span class='ocrx_word' id='word_1_43' title='bbox 653 677 949 759; x_wconf 78' lang='lat' dir='ltr'><strong>quoddam</strong></span> <span class='ocrx_word' id='word_1_44' title='bbox 1015 676 1321 737; x_wconf 87' lang='lat' dir='ltr'><strong>doctrinae</strong></span> <span class='ocrx_word' id='word_1_45' title='bbox 1382 694 1568 757; x_wconf 84' lang='lat' dir='ltr'><strong>genus</strong></span> <span class='ocrx_word' id='word_1_46' title='bbox 1617 696 1649 735; x_wconf 86' lang='lat' dir='ltr'><strong>a</strong></span> <span class='ocrx_word' id='word_1_47' title='bbox 1701 676 1942 737; x_wconf 80' lang='lat' dir='ltr'><strong>Christo</strong></span> <span class='ocrx_word' id='word_1_48' title='bbox 1982 674 2348 735; x_wconf 79' lang='lat' dir='ltr'><strong>afferendum</strong></span> <span class='ocrx_word' id='word_1_49' title='bbox 2389 694 2537 748; x_wconf 87' lang='lat' dir='ltr'><strong>esse,</strong></span> <span class='ocrx_word' id='word_1_50' title='bbox 2581 686 2652 735; x_wconf 77' lang='lat' dir='ltr'><strong>ut</strong></span> 
     </span>
     <span class='ocr_line' id='line_1_7' title="bbox 380 749 2653 846; baseline -0.001 -30"><span class='ocrx_word' id='word_1_51' title='bbox 380 758 485 839; x_wconf 90' lang='lat' dir='ltr'><strong>qui</strong></span> <span class='ocrx_word' id='word_1_52' title='bbox 524 757 699 815; x_wconf 85' lang='lat' dir='ltr'><strong>finem</strong></span> <span class='ocrx_word' id='word_1_53' title='bbox 738 754 1293 846; x_wconf 29' lang='lat' dir='ltr'><strong>impositurustesset</strong></span> <span class='ocrx_word' id='word_1_54' title='bbox 1320 749 1626 831; x_wconf 81' lang='lat' dir='ltr'><strong>prophetis</strong></span> <span class='ocrx_word' id='word_1_55' title='bbox 1643 752 2239 831; x_wconf 84' lang='lat' dir='ltr'><strong>omnibus,sequitur,</strong></span> <span class='ocrx_word' id='word_1_56' title='bbox 2261 772 2396 811; x_wconf 86' lang='lat' dir='ltr'><strong>eum</strong></span> <span class='ocrx_word' id='word_1_57' title='bbox 2417 772 2653 815; x_wconf 86' lang='lat' dir='ltr'><strong>summo</strong></span> 
     </span>
     <span class='ocr_line' id='line_1_8' title="bbox 376 826 2653 923; baseline -0.003 -27"><span class='ocrx_word' id='word_1_58' title='bbox 376 836 517 897; x_wconf 91' lang='lat' dir='ltr'><strong>loco</strong></span> <span class='ocrx_word' id='word_1_59' title='bbox 558 832 865 907; x_wconf 69' lang='lat' dir='ltr'><strong>constitui,</strong></span> <span class='ocrx_word' id='word_1_60' title='bbox 918 844 979 890; x_wconf 85' lang='lat' dir='ltr'><strong>et</strong></span> <span class='ocrx_word' id='word_1_61' title='bbox 1020 830 1420 923; x_wconf 87' lang='lat' dir='ltr'><strong>praecipuum,</strong></span> <span class='ocrx_word' id='word_1_62' title='bbox 1463 840 1530 887; x_wconf 88' lang='lat' dir='ltr'><strong>ut</strong></span> <span class='ocrx_word' id='word_1_63' title='bbox 1567 828 1648 889; x_wconf 88' lang='lat' dir='ltr'><strong>ita</strong></span> <span class='ocrx_word' id='word_1_64' title='bbox 1689 829 1926 909; x_wconf 87' lang='lat' dir='ltr'><strong>loquar,</strong></span> <span class='ocrx_word' id='word_1_65' title='bbox 1965 829 2368 910; x_wconf 83' lang='lat' dir='ltr'><strong>magisterium</strong></span> <span class='ocrx_word' id='word_1_66' title='bbox 2419 826 2507 887; x_wconf 89' lang='lat' dir='ltr'><strong>illi</strong></span> <span class='ocrx_word' id='word_1_67' title='bbox 2555 848 2653 889; x_wconf 76' lang='lat' dir='ltr'><strong>as-</strong></span> 
     </span>
     <span class='ocr_line' id='line_1_9' title="bbox 376 902 2648 991; baseline -0.003 -19"><span class='ocrx_word' id='word_1_68' title='bbox 376 911 517 987; x_wconf 84' lang='lat' dir='ltr'><strong>seri,</strong></span> <span class='ocrx_word' id='word_1_69' title='bbox 559 928 636 968; x_wconf 90' lang='lat' dir='ltr'><strong>ne</strong></span> <span class='ocrx_word' id='word_1_70' title='bbox 680 906 951 991; x_wconf 85' lang='lat' dir='ltr'><strong>ambigua</strong></span> <span class='ocrx_word' id='word_1_71' title='bbox 990 918 1069 967; x_wconf 87' lang='lat' dir='ltr'><strong>s1t</strong></span> <span class='ocrx_word' id='word_1_72' title='bbox 1106 906 1265 965; x_wconf 81' lang='lat' dir='ltr'><strong>Evan</strong></span> <span class='ocrx_word' id='word_1_73' title='bbox 1314 903 1410 963; x_wconf 84' lang='lat' dir='ltr'><strong>elii</strong></span> <span class='ocrx_word' id='word_1_74' title='bbox 1451 903 1614 964; x_wconf 85' lang='lat' dir='ltr'><strong>fides.</strong></span> <span class='ocrx_word' id='word_1_75' title='bbox 1667 904 1964 967; x_wconf 79' lang='lat' dir='ltr'>Tenemus</span> <span class='ocrx_word' id='word_1_76' title='bbox 2003 926 2160 965; x_wconf 88' lang='lat' dir='ltr'><strong>nunc</strong></span> <span class='ocrx_word' id='word_1_77' title='bbox 2183 926 2468 980; x_wconf 81' lang='lat' dir='ltr'>quorsum</span> <span class='ocrx_word' id='word_1_78' title='bbox 2493 902 2648 967; x_wconf 87' lang='lat' dir='ltr'><strong>Mo-</strong></span> 
     </span>
     <span class='ocr_line' id='line_1_10' title="bbox 376 980 2656 1063; baseline -0.004 -13"><span class='ocrx_word' id='word_1_79' title='bbox 376 989 451 1050; x_wconf 88' lang='lat' dir='ltr'><strong>sis</strong></span> <span class='ocrx_word' id='word_1_80' title='bbox 488 984 893 1049; x_wconf 83' lang='lat' dir='ltr'><strong>testimonium</strong></span> <span class='ocrx_word' id='word_1_81' title='bbox 930 982 1246 1043; x_wconf 81' lang='lat' dir='ltr'><strong>inseruerit</strong></span> <span class='ocrx_word' id='word_1_82' title='bbox 1316 980 1632 1061; x_wconf 77' lang='lat' dir='ltr'><strong>tephanus:</strong></span> <span class='ocrx_word' id='word_1_83' title='bbox 1673 1002 1888 1063; x_wconf 81' lang='lat' dir='ltr'><strong>nempe</strong></span> <span class='ocrx_word' id='word_1_84' title='bbox 1926 993 1994 1042; x_wconf 86' lang='lat' dir='ltr'><strong>ut</strong></span> <span class='ocrx_word' id='word_1_85' title='bbox 2025 980 2186 1041; x_wconf 83' lang='lat' dir='ltr'><strong>illum</strong></span> <span class='ocrx_word' id='word_1_86' title='bbox 2217 983 2431 1061; x_wconf 89' lang='lat' dir='ltr'><strong>ipsum,</strong></span> <span class='ocrx_word' id='word_1_87' title='bbox 2470 1000 2656 1061; x_wconf 84' lang='lat' dir='ltr'><strong>quem</strong></span> 
     </span>
     <span class='ocr_line' id='line_1_11' title="bbox 377 1058 2656 1146; baseline -0.002 -25"><span class='ocrx_word' id='word_1_88' title='bbox 377 1062 573 1146; x_wconf 77' lang='lat' dir='ltr'><strong>plenis</strong></span> <span class='ocrx_word' id='word_1_89' title='bbox 623 1060 823 1121; x_wconf 82' lang='lat' dir='ltr'><strong>buccis</strong></span> <span class='ocrx_word' id='word_1_90' title='bbox 861 1058 1158 1120; x_wconf 80' lang='lat' dir='ltr'><strong>iactabant</strong></span> <span class='ocrx_word' id='word_1_91' title='bbox 1222 1058 1338 1119; x_wconf 87' lang='lat' dir='ltr'><strong>sibi</strong></span> <span class='ocrx_word' id='word_1_92' title='bbox 1380 1058 1618 1119; x_wconf 88' lang='lat' dir='ltr'><strong>unicum</strong></span> <span class='ocrx_word' id='word_1_93' title='bbox 1657 1078 1786 1120; x_wconf 83' lang='lat' dir='ltr'><strong>esse</strong></span> <span class='ocrx_word' id='word_1_94' title='bbox 1823 1060 2163 1133; x_wconf 89' lang='lat' dir='ltr'><strong>doctorem,</strong></span> <span class='ocrx_word' id='word_1_95' title='bbox 2212 1060 2484 1118; x_wconf 85' lang='lat' dir='ltr'><strong>ostendat</strong></span> <span class='ocrx_word' id='word_1_96' title='bbox 2521 1078 2656 1117; x_wconf 86' lang='lat' dir='ltr'><strong>non</strong></span> 
     </span>
     <span class='ocr_line' id='line_1_12' title="bbox 376 1133 2658 1217; baseline -0.003 -17"><span class='ocrx_word' id='word_1_97' title='bbox 376 1142 569 1201; x_wconf 87' lang='lat' dir='ltr'><strong>minus</strong></span> <span class='ocrx_word' id='word_1_98' title='bbox 608 1137 851 1217; x_wconf 87' lang='lat' dir='ltr'><strong>indigne</strong></span> <span class='ocrx_word' id='word_1_99' title='bbox 889 1158 921 1195; x_wconf 88' lang='lat' dir='ltr'><strong>a</strong></span> <span class='ocrx_word' id='word_1_100' title='bbox 959 1134 1191 1195; x_wconf 87' lang='lat' dir='ltr'><strong>Iudaeis</strong></span> <span class='ocrx_word' id='word_1_101' title='bbox 1228 1144 1528 1195; x_wconf 80' lang='lat' dir='ltr'><strong>mortuum</strong></span> <span class='ocrx_word' id='word_1_102' title='bbox 1569 1136 1903 1211; x_wconf 78' lang='lat' dir='ltr'><strong>contemni,</strong></span> <span class='ocrx_word' id='word_1_103' title='bbox 1993 1156 2127 1195; x_wconf 87' lang='lat' dir='ltr'><strong>uam</strong></span> <span class='ocrx_word' id='word_1_104' title='bbox 2175 1133 2318 1195; x_wconf 89' lang='lat' dir='ltr'><strong>olim</strong></span> <span class='ocrx_word' id='word_1_105' title='bbox 2371 1133 2510 1194; x_wconf 85' lang='lat' dir='ltr'><strong>dum</strong></span> <span class='ocrx_word' id='word_1_106' title='bbox 2557 1133 2658 1193; x_wconf 78' lang='lat' dir='ltr'><strong>vi·-</strong></span> 
     </span>
     <span class='ocr_line' id='line_1_13' title="bbox 378 1209 2658 1304; baseline -0.003 -26"><span class='ocrx_word' id='word_1_107' title='bbox 378 1216 555 1279; x_wconf 81' lang='lat' dir='ltr'><strong>vebat</strong></span> <span class='ocrx_word' id='word_1_108' title='bbox 606 1214 788 1293; x_wconf 87' lang='lat' dir='ltr'><strong>impie</strong></span> <span class='ocrx_word' id='word_1_109' title='bbox 838 1232 905 1271; x_wconf 83' lang='lat' dir='ltr'><strong>ac</strong></span> <span class='ocrx_word' id='word_1_110' title='bbox 944 1222 1223 1304; x_wconf 84' lang='lat' dir='ltr'><strong>proterve</strong></span> <span class='ocrx_word' id='word_1_111' title='bbox 1272 1226 1337 1271; x_wconf 86' lang='lat' dir='ltr'><strong>re</strong></span> <span class='ocrx_word' id='word_1_112' title='bbox 1380 1212 1610 1272; x_wconf 86' lang='lat' dir='ltr'><strong>udiatus</strong></span> <span class='ocrx_word' id='word_1_113' title='bbox 1651 1212 1848 1273; x_wconf 84' lang='lat' dir='ltr'><strong>fuerit.</strong></span> <span class='ocrx_word' id='word_1_114' title='bbox 1992 1211 2213 1291; x_wconf 86' lang='lat' dir='ltr'><strong>uisquis</strong></span> <span class='ocrx_word' id='word_1_115' title='bbox 2263 1212 2422 1271; x_wconf 89' lang='lat' dir='ltr'><strong>enim</strong></span> <span class='ocrx_word' id='word_1_116' title='bbox 2473 1209 2658 1271; x_wconf 86' lang='lat' dir='ltr'><strong>fidem</strong></span> 
     </span>
     <span class='ocr_line' id='line_1_14' title="bbox 376 1287 2656 1371; baseline -0.002 -17"><span class='ocrx_word' id='word_1_117' title='bbox 376 1292 561 1354; x_wconf 82' lang='lat' dir='ltr'><strong>habet</strong></span> <span class='ocrx_word' id='word_1_118' title='bbox 600 1290 776 1362; x_wconf 76' lang='lat' dir='ltr'><strong>Mosi,</strong></span> <span class='ocrx_word' id='word_1_119' title='bbox 817 1287 1063 1361; x_wconf 71' lang='lat' dir='ltr'><strong>Christi,</strong></span> <span class='ocrx_word' id='word_1_120' title='bbox 1106 1289 1268 1349; x_wconf 87' lang='lat' dir='ltr'><strong>cuius</strong></span> <span class='ocrx_word' id='word_1_121' title='bbox 1306 1288 1347 1347; x_wconf 89' lang='lat' dir='ltr'><strong>il</strong></span> <span class='ocrx_word' id='word_1_122' title='bbox 1375 1308 1407 1347; x_wconf 91' lang='lat' dir='ltr'><strong>e</strong></span> <span class='ocrx_word' id='word_1_123' title='bbox 1448 1288 1561 1348; x_wconf 82' lang='lat' dir='ltr'><strong>fuit</strong></span> <span class='ocrx_word' id='word_1_124' title='bbox 1599 1309 1838 1369; x_wconf 83' lang='lat' dir='ltr'><strong>praeco,</strong></span> <span class='ocrx_word' id='word_1_125' title='bbox 1877 1308 2004 1351; x_wconf 86' lang='lat' dir='ltr'><strong>esse</strong></span> <span class='ocrx_word' id='word_1_126' title='bbox 2041 1288 2360 1371; x_wconf 84' lang='lat' dir='ltr'><strong>discipulus</strong></span> <span class='ocrx_word' id='word_1_127' title='bbox 2389 1308 2516 1349; x_wconf 88' lang='lat' dir='ltr'><strong>non</strong></span> <span class='ocrx_word' id='word_1_128' title='bbox 2549 1308 2656 1349; x_wconf 85' lang='lat' dir='ltr'><strong>re-</strong></span> 
     </span>
     <span class='ocr_line' id='line_1_15' title="bbox 380 1362 1700 1447; baseline -0.005 -15"><span class='ocrx_word' id='word_1_129' title='bbox 380 1367 619 1432; x_wconf 86' lang='lat' dir='ltr'><strong>cusabit.</strong></span> <span class='ocrx_word' id='word_1_130' title='bbox 695 1362 946 1445; x_wconf 81' lang='lat' dir='ltr'><strong>Reliqua</strong></span> <span class='ocrx_word' id='word_1_131' title='bbox 983 1376 1125 1445; x_wconf 88' lang='lat' dir='ltr'><strong>pete</strong></span> <span class='ocrx_word' id='word_1_132' title='bbox 1164 1384 1234 1425; x_wconf 85' lang='lat' dir='ltr'><strong>ex</strong></span> <span class='ocrx_word' id='word_1_133' title='bbox 1270 1364 1460 1447; x_wconf 87' lang='lat' dir='ltr'><strong>capite</strong></span> <span class='ocrx_word' id='word_1_134' title='bbox 1497 1366 1700 1428; x_wconf 89' lang='lat' dir='ltr'><strong>tertio.</strong></span> 
     </span>
    </p>
   </div>
   <div class='ocr_carea' id='block_1_3' title="bbox 374 1550 2661 2249">
    <p class='ocr_par' dir='ltr' id='par_1_3' title="bbox 374 1550 2661 2249">
     <span class='ocr_line' id='line_1_16' title="bbox 544 1550 2660 1644; baseline -0.001 -23"><span class='ocrx_word' id='word_1_135' title='bbox 544 1556 648 1621; x_wconf 88' lang='grc'><strong>38.</strong></span> <span class='ocrx_word' id='word_1_136' title='bbox 726 1554 854 1621; x_wconf 86' lang='lat' dir='ltr'><strong>Hic</strong></span> <span class='ocrx_word' id='word_1_137' title='bbox 894 1564 1009 1634; x_wconf 86' lang='lat' dir='ltr'><strong>est,</strong></span> <span class='ocrx_word' id='word_1_138' title='bbox 1050 1558 1165 1644; x_wconf 91' lang='lat' dir='ltr'><strong>qui</strong></span> <span class='ocrx_word' id='word_1_139' title='bbox 1206 1554 1327 1621; x_wconf 86' lang='lat' dir='ltr'><strong>fuit</strong></span> <span class='ocrx_word' id='word_1_140' title='bbox 1368 1556 1438 1621; x_wconf 89' lang='lat' dir='ltr'><strong>in</strong></span> <span class='ocrx_word' id='word_1_141' title='bbox 1471 1553 1766 1621; x_wconf 82' lang='lat' dir='ltr'><strong>Ecclesia</strong></span> <span class='ocrx_word' id='word_1_142' title='bbox 1794 1558 1864 1623; x_wconf 90' lang='lat' dir='ltr'><strong>in</strong></span> <span class='ocrx_word' id='word_1_143' title='bbox 1908 1554 2169 1623; x_wconf 84' lang='lat' dir='ltr'><strong>deserto</strong></span> <span class='ocrx_word' id='word_1_144' title='bbox 2195 1576 2335 1621; x_wconf 91' lang='lat' dir='ltr'><strong>cum</strong></span> <span class='ocrx_word' id='word_1_145' title='bbox 2371 1550 2660 1639; x_wconf 82' lang='lat' dir='ltr'><strong>Angelo‚</strong></span> 
     </span>
     <span class='ocr_line' id='line_1_17' title="bbox 378 1653 2660 1744; baseline -0.001 -21"><span class='ocrx_word' id='word_1_146' title='bbox 378 1658 493 1743; x_wconf 91' lang='lat' dir='ltr'><strong>qui</strong></span> <span class='ocrx_word' id='word_1_147' title='bbox 542 1654 853 1743; x_wconf 77' lang='lat' dir='ltr'><strong>loquutus</strong></span> <span class='ocrx_word' id='word_1_148' title='bbox 894 1653 995 1721; x_wconf 90' lang='lat' dir='ltr'><strong>illi</strong></span> <span class='ocrx_word' id='word_1_149' title='bbox 1034 1656 1246 1724; x_wconf 76' lang='lat' dir='ltr'><strong>fuerat</strong></span> <span class='ocrx_word' id='word_1_150' title='bbox 1288 1660 1355 1723; x_wconf 89' lang='lat' dir='ltr'><strong>in</strong></span> <span class='ocrx_word' id='word_1_151' title='bbox 1388 1668 1612 1724; x_wconf 88' lang='lat' dir='ltr'><strong>monte</strong></span> <span class='ocrx_word' id='word_1_152' title='bbox 1654 1656 1809 1723; x_wconf 75' lang='lat' dir='ltr'><strong>Sina</strong></span> <span class='ocrx_word' id='word_1_153' title='bbox 1861 1654 2028 1738; x_wconf 82' lang='lat' dir='ltr'><strong>(vel,</strong></span> <span class='ocrx_word' id='word_1_154' title='bbox 2085 1654 2482 1744; x_wconf 80' lang='lat' dir='ltr'><strong>loquebatur</strong></span> <span class='ocrx_word' id='word_1_155' title='bbox 2546 1654 2660 1721; x_wconf 86' lang='lat' dir='ltr'><strong>illi</strong></span> 
     </span>
     <span class='ocr_line' id='line_1_18' title="bbox 374 1756 2658 1845; baseline -0 -23"><span class='ocrx_word' id='word_1_156' title='bbox 374 1761 448 1833; x_wconf 69' lang='lat' dir='ltr'><strong>in</strong></span> <span class='ocrx_word' id='word_1_157' title='bbox 500 1758 767 1837; x_wconf 87' lang='lat' dir='ltr'><strong>monte),</strong></span> <span class='ocrx_word' id='word_1_158' title='bbox 822 1766 1070 1821; x_wconf 65' lang='lat' dir='ltr'><strong>et-cum</strong></span> <span class='ocrx_word' id='word_1_159' title='bbox 1112 1756 1416 1822; x_wconf 87' lang='lat' dir='ltr'><strong>Patribus</strong></span> <span class='ocrx_word' id='word_1_160' title='bbox 1467 1760 1734 1824; x_wconf 86' lang='lat' dir='ltr'><strong>nostris:</strong></span> <span class='ocrx_word' id='word_1_161' title='bbox 1777 1759 1890 1845; x_wconf 88' lang='lat' dir='ltr'><strong>qui</strong></span> <span class='ocrx_word' id='word_1_162' title='bbox 1941 1760 2221 1843; x_wconf 77' lang='lat' dir='ltr'><strong>suscepit</strong></span> <span class='ocrx_word' id='word_1_163' title='bbox 2281 1759 2430 1821; x_wconf 82' lang='lat' dir='ltr'><strong>viva</strong></span> <span class='ocrx_word' id='word_1_164' title='bbox 2499 1776 2658 1823; x_wconf 87' lang='lat' dir='ltr'><strong>ora-</strong></span> 
     </span>
     <span class='ocr_line' id='line_1_19' title="bbox 378 1854 2658 1937; baseline -0.001 -14"><span class='ocrx_word' id='word_1_165' title='bbox 378 1857 548 1937; x_wconf 84' lang='lat' dir='ltr'><strong>cula,</strong></span> <span class='ocrx_word' id='word_1_166' title='bbox 586 1867 658 1923; x_wconf 88' lang='lat' dir='ltr'><strong>ut</strong></span> <span class='ocrx_word' id='word_1_167' title='bbox 698 1854 891 1923; x_wconf 88' lang='lat' dir='ltr'><strong>nobis</strong></span> <span class='ocrx_word' id='word_1_168' title='bbox 934 1854 1145 1923; x_wconf 89' lang='lat' dir='ltr'><strong>daret:</strong></span> <span class='ocrx_word' id='word_1_169' title='bbox 1190 1858 1294 1922; x_wconf 84' lang='lat'><strong>39.</strong></span> <span class='ocrx_word' id='word_1_170' title='bbox 1339 1857 1474 1925; x_wconf 90' lang='lat' dir='ltr'><strong>Cui</strong></span> <span class='ocrx_word' id='word_1_171' title='bbox 1518 1857 1871 1925; x_wconf 88' lang='lat' dir='ltr'><strong>noluerunt</strong></span> <span class='ocrx_word' id='word_1_172' title='bbox 1927 1857 2202 1925; x_wconf 88' lang='lat' dir='ltr'><strong>obedire</strong></span> <span class='ocrx_word' id='word_1_173' title='bbox 2243 1858 2468 1922; x_wconf 85' lang='lat' dir='ltr'><strong>Patres</strong></span> <span class='ocrx_word' id='word_1_174' title='bbox 2528 1878 2658 1923; x_wconf 90' lang='lat' dir='ltr'><strong>no-</strong></span> 
     </span>
     <span class='ocr_line' id='line_1_20' title="bbox 376 1956 2661 2045; baseline -0.003 -19"><span class='ocrx_word' id='word_1_175' title='bbox 376 1960 510 2037; x_wconf 86' lang='lat' dir='ltr'><strong>stri,</strong></span> <span class='ocrx_word' id='word_1_176' title='bbox 557 1958 677 2023; x_wconf 89' lang='lat' dir='ltr'><strong>sed</strong></span> <span class='ocrx_word' id='word_1_177' title='bbox 715 1956 1101 2045; x_wconf 86' lang='lat' dir='ltr'><strong>repulerunt</strong></span> <span class='ocrx_word' id='word_1_178' title='bbox 1158 1968 1224 2024; x_wconf 92' lang='lat' dir='ltr'><strong>et</strong></span> <span class='ocrx_word' id='word_1_179' title='bbox 1265 1962 1476 2025; x_wconf 85' lang='lat' dir='ltr'><strong>aversi</strong></span> <span class='ocrx_word' id='word_1_180' title='bbox 1525 1969 1675 2025; x_wconf 86' lang='lat' dir='ltr'><strong>sunt</strong></span> <span class='ocrx_word' id='word_1_181' title='bbox 1741 1958 2049 2024; x_wconf 84' lang='lat' dir='ltr'><strong>cordibus</strong></span> <span class='ocrx_word' id='word_1_182' title='bbox 2113 1962 2247 2025; x_wconf 87' lang='lat' dir='ltr'><strong>suis</strong></span> <span class='ocrx_word' id='word_1_183' title='bbox 2305 1959 2376 2022; x_wconf 89' lang='lat' dir='ltr'><strong>in</strong></span> <span class='ocrx_word' id='word_1_184' title='bbox 2427 1956 2661 2043; x_wconf 80' lang='lat' dir='ltr'><strong>Aegy·-</strong></span> 
     </span>
     <span class='ocr_line' id='line_1_21' title="bbox 376 2058 2658 2147; baseline -0 -22"><span class='ocrx_word' id='word_1_185' title='bbox 376 2070 576 2147; x_wconf 87' lang='lat' dir='ltr'><strong>ptum,</strong></span> <span class='ocrx_word' id='word_1_186' title='bbox 616 2060 723 2123; x_wconf 81' lang='lat'><strong>40.</strong></span> <span class='ocrx_word' id='word_1_187' title='bbox 748 2060 1065 2125; x_wconf 86' lang='lat' dir='ltr'><strong>Dicentes</strong></span> <span class='ocrx_word' id='word_1_188' title='bbox 1105 2058 1379 2125; x_wconf 84' lang='lat' dir='ltr'><strong>Aaroni:</strong></span> <span class='ocrx_word' id='word_1_189' title='bbox 1421 2059 1558 2124; x_wconf 85' lang='lat' dir='ltr'><strong>Fac</strong></span> <span class='ocrx_word' id='word_1_190' title='bbox 1597 2058 1794 2126; x_wconf 89' lang='lat' dir='ltr'><strong>nobis</strong></span> <span class='ocrx_word' id='word_1_191' title='bbox 1832 2058 2038 2138; x_wconf 87' lang='lat' dir='ltr'><strong>Deos,</strong></span> <span class='ocrx_word' id='word_1_192' title='bbox 2077 2061 2190 2147; x_wconf 89' lang='lat' dir='ltr'><strong>qui</strong></span> <span class='ocrx_word' id='word_1_193' title='bbox 2225 2079 2350 2124; x_wconf 87' lang='lat' dir='ltr'><strong>nos</strong></span> <span class='ocrx_word' id='word_1_194' title='bbox 2381 2080 2658 2144; x_wconf 86' lang='lat' dir='ltr'><strong>praece-</strong></span> 
     </span>
     <span class='ocr_line' id='line_1_22' title="bbox 380 2158 2655 2249; baseline -0 -23"><span class='ocrx_word' id='word_1_195' title='bbox 380 2159 564 2226; x_wconf 82' lang='lat' dir='ltr'><strong>dant:</strong></span> <span class='ocrx_word' id='word_1_196' title='bbox 604 2180 749 2225; x_wconf 87' lang='lat' dir='ltr'><strong>nam</strong></span> <span class='ocrx_word' id='word_1_197' title='bbox 803 2158 956 2225; x_wconf 89' lang='lat' dir='ltr'><strong>huic</strong></span> <span class='ocrx_word' id='word_1_198' title='bbox 994 2158 1190 2241; x_wconf 87' lang='lat' dir='ltr'><strong>Mosi,</strong></span> <span class='ocrx_word' id='word_1_199' title='bbox 1233 2164 1342 2249; x_wconf 91' lang='lat' dir='ltr'><strong>qui</strong></span> <span class='ocrx_word' id='word_1_200' title='bbox 1389 2180 1513 2226; x_wconf 88' lang='lat' dir='ltr'><strong>nos</strong></span> <span class='ocrx_word' id='word_1_201' title='bbox 1557 2158 1774 2225; x_wconf 82' lang='lat' dir='ltr'><strong>eduxit</strong></span> <span class='ocrx_word' id='word_1_202' title='bbox 1817 2181 1894 2225; x_wconf 85' lang='lat' dir='ltr'><strong>ex</strong></span> <span class='ocrx_word' id='word_1_203' title='bbox 1951 2170 2126 2226; x_wconf 83' lang='lat' dir='ltr'><strong>terra</strong></span> <span class='ocrx_word' id='word_1_204' title='bbox 2165 2161 2477 2245; x_wconf 78' lang='lat' dir='ltr'><strong>Aegypti,</strong></span> <span class='ocrx_word' id='word_1_205' title='bbox 2529 2180 2655 2225; x_wconf 84' lang='lat' dir='ltr'><strong>ne-</strong></span> 
     </span>
    </p>
   </div>
   <div class='ocr_carea' id='block_1_4' title="bbox 374 2258 2654 2434">
    <p class='ocr_par' dir='ltr' id='par_1_4' title="bbox 374 2258 2654 2434">
     <span class='ocr_line' id='line_1_23' title="bbox 374 2258 2653 2343; baseline 0 -18"><span class='ocrx_word' id='word_1_206' title='bbox 374 2264 613 2326; x_wconf 85' lang='lat' dir='ltr'><strong>scimus</strong></span> <span class='ocrx_word' id='word_1_207' title='bbox 700 2260 814 2327; x_wconf 91' lang='lat' dir='ltr'><strong>uid</strong></span> <span class='ocrx_word' id='word_1_208' title='bbox 856 2260 1181 2327; x_wconf 79' lang='lat' dir='ltr'><strong>acciderit.</strong></span> <span class='ocrx_word' id='word_1_209' title='bbox 1262 2262 1369 2328; x_wconf 84' lang='lat'><strong>41.</strong></span> <span class='ocrx_word' id='word_1_210' title='bbox 1407 2262 1492 2326; x_wconf 89' lang='lat' dir='ltr'><strong>Et</strong></span> <span class='ocrx_word' id='word_1_211' title='bbox 1529 2258 1804 2325; x_wconf 84' lang='lat' dir='ltr'><strong>vitulum</strong></span> <span class='ocrx_word' id='word_1_212' title='bbox 1843 2260 2140 2327; x_wconf 77' lang='lat' dir='ltr'><strong>fecerunt</strong></span> <span class='ocrx_word' id='word_1_213' title='bbox 2181 2262 2249 2328; x_wconf 88' lang='lat' dir='ltr'><strong>in</strong></span> <span class='ocrx_word' id='word_1_214' title='bbox 2293 2258 2525 2343; x_wconf 74' lang='lat' dir='ltr'><strong>diebus</strong></span> <span class='ocrx_word' id='word_1_215' title='bbox 2571 2258 2653 2325; x_wconf 88' lang='lat' dir='ltr'><strong>il-</strong></span> 
     </span>
     <span class='ocr_line' id='line_1_24' title="bbox 379 2342 2654 2434; baseline 0.001 -24"><span class='ocrx_word' id='word_1_216' title='bbox 379 2342 481 2425; x_wconf 86' lang='lat' dir='ltr'><strong>lis,</strong></span> <span class='ocrx_word' id='word_1_217' title='bbox 522 2355 588 2412; x_wconf 88' lang='lat' dir='ltr'><strong>et</strong></span> <span class='ocrx_word' id='word_1_218' title='bbox 629 2366 674 2413; x_wconf 93' lang='lat' dir='ltr'><strong>o</strong></span> <span class='ocrx_word' id='word_1_219' title='bbox 724 2344 1009 2414; x_wconf 86' lang='lat' dir='ltr'><strong>tulerunt</strong></span> <span class='ocrx_word' id='word_1_220' title='bbox 1050 2345 1321 2414; x_wconf 82' lang='lat' dir='ltr'><strong>hostiam</strong></span> <span class='ocrx_word' id='word_1_221' title='bbox 1363 2344 1572 2425; x_wconf 86' lang='lat' dir='ltr'><strong>idolo,</strong></span> <span class='ocrx_word' id='word_1_222' title='bbox 1615 2356 1682 2415; x_wconf 85' lang='lat' dir='ltr'><strong>et</strong></span> <span class='ocrx_word' id='word_1_223' title='bbox 1720 2344 1943 2414; x_wconf 81' lang='lat' dir='ltr'><strong>laetati</strong></span> <span class='ocrx_word' id='word_1_224' title='bbox 1981 2358 2132 2414; x_wconf 87' lang='lat' dir='ltr'><strong>sunt</strong></span> <span class='ocrx_word' id='word_1_225' title='bbox 2181 2367 2380 2434; x_wconf 89' lang='lat' dir='ltr'><strong>super</strong></span> <span class='ocrx_word' id='word_1_226' title='bbox 2427 2348 2654 2434; x_wconf 88' lang='lat' dir='ltr'><strong>operi-</strong></span> 
     </span>
    </p>
   </div>
   <div class='ocr_carea' id='block_1_5' title="bbox 376 2437 1163 2514">
    <p class='ocr_par' dir='ltr' id='par_1_5' title="bbox 376 2437 1163 2514">
     <span class='ocr_line' id='line_1_25' title="bbox 376 2437 1163 2514; baseline 0 0"><span class='ocrx_word' id='word_1_227' title='bbox 376 2437 503 2514; x_wconf 76' lang='lat' dir='ltr'><strong>bus</strong></span> <span class='ocrx_word' id='word_1_228' title='bbox 546 2465 845 2512; x_wconf 85' lang='lat' dir='ltr'><strong>manuum</strong></span> <span class='ocrx_word' id='word_1_229' title='bbox 887 2460 1163 2514; x_wconf 83' lang='lat' dir='ltr'><strong>suarum.</strong></span> 
     </span>
    </p>
   </div>
   <div class='ocr_carea' id='block_1_6' title="bbox 282 2576 2730 4428">
    <p class='ocr_par' dir='ltr' id='par_1_6' title="bbox 380 2576 2652 3632">
     <span class='ocr_line' id='line_1_26' title="bbox 450 2576 2652 2672; baseline 0.001 -35"><span class='ocrx_word' id='word_1_230' title='bbox 450 2623 453 2628; x_wconf 88' lang='lat'><strong>.</strong></span> <span class='ocrx_word' id='word_1_231' title='bbox 534 2581 631 2644; x_wconf 86' lang='lat'><strong>38.</strong></span> <span class='ocrx_word' id='word_1_232' title='bbox 706 2576 917 2661; x_wconf 85' lang='lat' dir='ltr'><strong>Pergit</strong></span> <span class='ocrx_word' id='word_1_233' title='bbox 954 2579 1287 2660; x_wconf 78' lang='lat' dir='ltr'><strong>Stephanus</strong></span> <span class='ocrx_word' id='word_1_234' title='bbox 1324 2581 1389 2640; x_wconf 91' lang='lat' dir='ltr'><strong>in</strong></span> <span class='ocrx_word' id='word_1_235' title='bbox 1429 2579 1714 2642; x_wconf 77' lang='lat' dir='ltr'><strong>narranda</strong></span> <span class='ocrx_word' id='word_1_236' title='bbox 1761 2577 1970 2662; x_wconf 88' lang='lat' dir='ltr'><strong>populi</strong></span> <span class='ocrx_word' id='word_1_237' title='bbox 2012 2579 2340 2672; x_wconf 72' lang='lat' dir='ltr'><strong>pravitate,</strong></span> <span class='ocrx_word' id='word_1_238' title='bbox 2395 2577 2500 2658; x_wconf 89' lang='lat' dir='ltr'><strong>qui</strong></span> <span class='ocrx_word' id='word_1_239' title='bbox 2549 2588 2652 2640; x_wconf 88' lang='lat' dir='ltr'><strong>tot</strong></span> 
     </span>
     <span class='ocr_line' id='line_1_27' title="bbox 381 2651 2652 2739; baseline 0.001 -25"><span class='ocrx_word' id='word_1_240' title='bbox 381 2651 501 2714; x_wconf 89' lang='lat' dir='ltr'><strong>Dei</strong></span> <span class='ocrx_word' id='word_1_241' title='bbox 550 2654 855 2716; x_wconf 84' lang='lat' dir='ltr'><strong>beneficiis</strong></span> <span class='ocrx_word' id='word_1_242' title='bbox 904 2669 1259 2736; x_wconf 85' lang='lat' dir='ltr'><strong>provocatus</strong></span> <span class='ocrx_word' id='word_1_243' title='bbox 1306 2679 1606 2738; x_wconf 87' lang='lat' dir='ltr'><strong>nunquam</strong></span> <span class='ocrx_word' id='word_1_244' title='bbox 1643 2670 1842 2718; x_wconf 89' lang='lat' dir='ltr'><strong>tamen</strong></span> <span class='ocrx_word' id='word_1_245' title='bbox 1893 2656 2148 2739; x_wconf 72' lang='lat' dir='ltr'><strong>maligne</strong></span> <span class='ocrx_word' id='word_1_246' title='bbox 2194 2654 2358 2716; x_wconf 89' lang='lat' dir='ltr'><strong>illum</strong></span> <span class='ocrx_word' id='word_1_247' title='bbox 2396 2655 2652 2716; x_wconf 80' lang='lat' dir='ltr'><strong>reiicere</strong></span> 
     </span>
     <span class='ocr_line' id='line_1_28' title="bbox 384 2729 2650 2818; baseline 0 -26"><span class='ocrx_word' id='word_1_248' title='bbox 384 2729 630 2792; x_wconf 84' lang='lat' dir='ltr'><strong>destitit.</strong></span> <span class='ocrx_word' id='word_1_249' title='bbox 708 2731 777 2790; x_wconf 91' lang='lat' dir='ltr'><strong>Si</strong></span> <span class='ocrx_word' id='word_1_250' title='bbox 813 2731 949 2792; x_wconf 86' lang='lat' dir='ltr'><strong>Deo</strong></span> <span class='ocrx_word' id='word_1_251' title='bbox 1012 2734 1173 2814; x_wconf 89' lang='lat' dir='ltr'><strong>prius</strong></span> <span class='ocrx_word' id='word_1_252' title='bbox 1222 2735 1586 2818; x_wconf 83' lang='lat' dir='ltr'><strong>immorigeri</strong></span> <span class='ocrx_word' id='word_1_253' title='bbox 1635 2747 1701 2794; x_wconf 89' lang='lat' dir='ltr'><strong>et</strong></span> <span class='ocrx_word' id='word_1_254' title='bbox 1746 2756 1949 2810; x_wconf 82' lang='lat' dir='ltr'><strong>pamm</strong></span> <span class='ocrx_word' id='word_1_255' title='bbox 2001 2733 2153 2816; x_wconf 84' lang='lat' dir='ltr'><strong>grati</strong></span> <span class='ocrx_word' id='word_1_256' title='bbox 2192 2731 2460 2805; x_wconf 81' lang='lat' dir='ltr'><strong>fuerant,</strong></span> <span class='ocrx_word' id='word_1_257' title='bbox 2521 2743 2650 2794; x_wconf 61' lang='lat' dir='ltr'><strong>nm</strong></span> 
     </span>
     <span class='ocr_line' id='line_1_29' title="bbox 382 2806 2650 2874; baseline 0.002 -8"><span class='ocrx_word' id='word_1_258' title='bbox 382 2806 628 2872; x_wconf 84' lang='lat' dir='ltr'><strong>mirifica</strong></span> <span class='ocrx_word' id='word_1_259' title='bbox 666 2807 871 2868; x_wconf 87' lang='lat' dir='ltr'><strong>saltem</strong></span> <span class='ocrx_word' id='word_1_260' title='bbox 910 2807 1185 2874; x_wconf 89' lang='lat' dir='ltr'><strong>liberatio</strong></span> <span class='ocrx_word' id='word_1_261' title='bbox 1226 2830 1329 2874; x_wconf 87' lang='lat' dir='ltr'><strong>eos</strong></span> <span class='ocrx_word' id='word_1_262' title='bbox 1366 2811 1442 2873; x_wconf 88' lang='lat' dir='ltr'><strong>ad</strong></span> <span class='ocrx_word' id='word_1_263' title='bbox 1477 2811 1774 2873; x_wconf 84' lang='lat' dir='ltr'><strong>saniorem</strong></span> <span class='ocrx_word' id='word_1_264' title='bbox 1809 2823 2072 2872; x_wconf 87' lang='lat' dir='ltr'><strong>mentem</strong></span> <span class='ocrx_word' id='word_1_265' title='bbox 2106 2829 2388 2870; x_wconf 80' lang='lat' dir='ltr'><strong>revocare</strong></span> <span class='ocrx_word' id='word_1_266' title='bbox 2417 2807 2650 2870; x_wconf 88' lang='lat' dir='ltr'><strong>debue-</strong></span> 
     </span>
     <span class='ocr_line' id='line_1_30' title="bbox 380 2883 2650 2967; baseline 0 -21"><span class='ocrx_word' id='word_1_267' title='bbox 380 2895 502 2946; x_wconf 69' lang='lat' dir='ltr'><strong>rat:</strong></span> <span class='ocrx_word' id='word_1_268' title='bbox 565 2883 729 2962; x_wconf 84' lang='lat' dir='ltr'><strong>atqui</strong></span> <span class='ocrx_word' id='word_1_269' title='bbox 770 2905 873 2944; x_wconf 88' lang='lat' dir='ltr'><strong>eos</strong></span> <span class='ocrx_word' id='word_1_270' title='bbox 910 2906 1144 2967; x_wconf 88' lang='lat' dir='ltr'><strong>semper</strong></span> <span class='ocrx_word' id='word_1_271' title='bbox 1179 2887 1270 2948; x_wconf 86' lang='lat' dir='ltr'><strong>sui</strong></span> <span class='ocrx_word' id='word_1_272' title='bbox 1306 2888 1486 2950; x_wconf 82' lang='lat' dir='ltr'><strong>fuisse</strong></span> <span class='ocrx_word' id='word_1_273' title='bbox 1522 2887 1738 2950; x_wconf 82' lang='lat' dir='ltr'><strong>similes</strong></span> <span class='ocrx_word' id='word_1_274' title='bbox 1777 2886 2058 2948; x_wconf 86' lang='lat' dir='ltr'><strong>ostendit.</strong></span> <span class='ocrx_word' id='word_1_275' title='bbox 2133 2887 2259 2964; x_wconf 77' lang='lat' dir='ltr'><strong>Tot</strong></span> <span class='ocrx_word' id='word_1_276' title='bbox 2319 2897 2481 2946; x_wconf 87' lang='lat' dir='ltr'><strong>certe</strong></span> <span class='ocrx_word' id='word_1_277' title='bbox 2533 2887 2650 2946; x_wconf 85' lang='lat' dir='ltr'><strong>mi-</strong></span> 
     </span>
     <span class='ocr_line' id='line_1_31' title="bbox 382 2956 2646 3049; baseline 0.001 -29"><span class='ocrx_word' id='word_1_278' title='bbox 382 2956 740 3049; x_wconf 44' lang='lat' dir='ltr'><strong>racula-non</strong></span> <span class='ocrx_word' id='word_1_279' title='bbox 780 2961 963 3022; x_wconf 90' lang='lat' dir='ltr'><strong>modo</strong></span> <span class='ocrx_word' id='word_1_280' title='bbox 1011 2962 1255 3022; x_wconf 85' lang='lat' dir='ltr'><strong>haerere</strong></span> <span class='ocrx_word' id='word_1_281' title='bbox 1302 2963 1366 3023; x_wconf 90' lang='lat' dir='ltr'><strong>in</strong></span> <span class='ocrx_word' id='word_1_282' title='bbox 1421 2985 1627 3024; x_wconf 86' lang='lat' dir='ltr'><strong>eorum</strong></span> <span class='ocrx_word' id='word_1_283' title='bbox 1679 2963 1920 3036; x_wconf 87' lang='lat' dir='ltr'><strong>animis,</strong></span> <span class='ocrx_word' id='word_1_284' title='bbox 1965 2963 2072 3024; x_wconf 91' lang='lat' dir='ltr'><strong>sed</strong></span> <span class='ocrx_word' id='word_1_285' title='bbox 2118 2963 2180 3023; x_wconf 86' lang='lat' dir='ltr'><strong>iu</strong></span> <span class='ocrx_word' id='word_1_286' title='bbox 2229 2961 2419 3024; x_wconf 87' lang='lat' dir='ltr'><strong>oculis</strong></span> <span class='ocrx_word' id='word_1_287' title='bbox 2465 2963 2646 3022; x_wconf 82' lang='lat' dir='ltr'><strong>etiarn</strong></span> 
     </span>
     <span class='ocr_line' id='line_1_32' title="bbox 382 3037 2650 3122; baseline 0.001 -25"><span class='ocrx_word' id='word_1_288' title='bbox 382 3053 601 3098; x_wconf 73' lang='lat' dir='ltr'><strong>versari</strong></span> <span class='ocrx_word' id='word_1_289' title='bbox 639 3055 893 3115; x_wconf 87' lang='lat' dir='ltr'><strong>aequum</strong></span> <span class='ocrx_word' id='word_1_290' title='bbox 932 3049 1077 3097; x_wconf 89' lang='lat' dir='ltr'><strong>erat.</strong></span> <span class='ocrx_word' id='word_1_291' title='bbox 1152 3037 1251 3098; x_wconf 87' lang='lat' dir='ltr'><strong>Illi</strong></span> <span class='ocrx_word' id='word_1_292' title='bbox 1288 3059 1432 3101; x_wconf 78' lang='lat' dir='ltr'><strong>vero</strong></span> <span class='ocrx_word' id='word_1_293' title='bbox 1473 3040 1740 3100; x_wconf 86' lang='lat' dir='ltr'><strong>omnium</strong></span> <span class='ocrx_word' id='word_1_294' title='bbox 1788 3041 1963 3102; x_wconf 88' lang='lat' dir='ltr'><strong>obliti</strong></span> <span class='ocrx_word' id='word_1_295' title='bbox 2019 3039 2094 3100; x_wconf 84' lang='lat' dir='ltr'><strong>ad</strong></span> <span class='ocrx_word' id='word_1_296' title='bbox 2129 3038 2389 3122; x_wconf 79' lang='lat' dir='ltr'><strong>Aegypti</strong></span> <span class='ocrx_word' id='word_1_297' title='bbox 2433 3059 2650 3120; x_wconf 87' lang='lat' dir='ltr'><strong>super-</strong></span> 
     </span>
     <span class='ocr_line' id='line_1_33' title="bbox 382 3109 2647 3190; baseline 0.002 -18"><span class='ocrx_word' id='word_1_298' title='bbox 382 3109 657 3184; x_wconf 80' lang='lat' dir='ltr'><strong>stitiones</strong></span> <span class='ocrx_word' id='word_1_299' title='bbox 696 3123 943 3190; x_wconf 81' lang='lat' dir='ltr'><strong>repente</strong></span> <span class='ocrx_word' id='word_1_300' title='bbox 968 3111 1350 3175; x_wconf 82' lang='lat' dir='ltr'><strong>transvolant.</strong></span> <span class='ocrx_word' id='word_1_301' title='bbox 1428 3115 1657 3176; x_wconf 85' lang='lat' dir='ltr'><strong>Recens</strong></span> <span class='ocrx_word' id='word_1_302' title='bbox 1697 3127 1824 3178; x_wconf 88' lang='lat' dir='ltr'><strong>erat</strong></span> <span class='ocrx_word' id='word_1_303' title='bbox 1861 3117 2040 3180; x_wconf 90' lang='lat' dir='ltr'><strong>durae</strong></span> <span class='ocrx_word' id='word_1_304' title='bbox 2079 3115 2380 3178; x_wconf 82' lang='lat' dir='ltr'><strong>servitutis</strong></span> <span class='ocrx_word' id='word_1_305' title='bbox 2411 3134 2647 3177; x_wconf 87' lang='lat' dir='ltr'><strong>memo-</strong></span> 
     </span>
     <span class='ocr_line' id='line_1_34' title="bbox 380 3187 2646 3276; baseline 0.003 -29"><span class='ocrx_word' id='word_1_306' title='bbox 380 3188 493 3264; x_wconf 84' lang='lat' dir='ltr'><strong>ria,</strong></span> <span class='ocrx_word' id='word_1_307' title='bbox 536 3207 711 3267; x_wconf 89' lang='lat' dir='ltr'><strong>quam</strong></span> <span class='ocrx_word' id='word_1_308' title='bbox 746 3187 997 3250; x_wconf 89' lang='lat' dir='ltr'><strong>traiecto</strong></span> <span class='ocrx_word' id='word_1_309' title='bbox 1036 3191 1184 3250; x_wconf 87' lang='lat' dir='ltr'><strong>mari</strong></span> <span class='ocrx_word' id='word_1_310' title='bbox 1225 3191 1588 3274; x_wconf 79' lang='lat' dir='ltr'><strong>effugerant:</strong></span> <span class='ocrx_word' id='word_1_311' title='bbox 1637 3192 1739 3254; x_wconf 91' lang='lat' dir='ltr'><strong>sed</strong></span> <span class='ocrx_word' id='word_1_312' title='bbox 1779 3205 2092 3276; x_wconf 84' lang='lat' dir='ltr'><strong>tyrannos,</strong></span> <span class='ocrx_word' id='word_1_313' title='bbox 2141 3215 2176 3254; x_wconf 83' lang='lat' dir='ltr'><strong>a</strong></span> <span class='ocrx_word' id='word_1_314' title='bbox 2279 3191 2450 3254; x_wconf 72' lang='lat' dir='ltr'><strong>uibus</strong></span> <span class='ocrx_word' id='word_1_315' title='bbox 2557 3192 2646 3254; x_wconf 89' lang='lat' dir='ltr'><strong>lus</strong></span> 
     </span>
     <span class='ocr_line' id='line_1_35' title="bbox 382 3263 2649 3352; baseline 0.003 -28"><span class='ocrx_word' id='word_1_316' title='bbox 382 3285 560 3346; x_wconf 87' lang='lat' dir='ltr'><strong>quam</strong></span> <span class='ocrx_word' id='word_1_317' title='bbox 612 3263 1012 3326; x_wconf 86' lang='lat' dir='ltr'><strong>inhumaniter</strong></span> <span class='ocrx_word' id='word_1_318' title='bbox 1054 3267 1265 3338; x_wconf 73' lang='lat' dir='ltr'><strong>afflicti</strong></span> <span class='ocrx_word' id='word_1_319' title='bbox 1311 3282 1481 3344; x_wconf 82' lang='lat' dir='ltr'><strong>sunt,</strong></span> <span class='ocrx_word' id='word_1_320' title='bbox 1525 3267 1890 3352; x_wconf 85' lang='lat' dir='ltr'><strong>redemptori</strong></span> <span class='ocrx_word' id='word_1_321' title='bbox 1935 3293 2042 3332; x_wconf 84' lang='lat' dir='ltr'><strong>suo</strong></span> <span class='ocrx_word' id='word_1_322' title='bbox 2091 3289 2230 3351; x_wconf 86' lang='lat' dir='ltr'><strong>prae</strong></span> <span class='ocrx_word' id='word_1_323' title='bbox 2259 3281 2450 3331; x_wconf 87' lang='lat' dir='ltr'><strong>erunt.</strong></span> <span class='ocrx_word' id='word_1_324' title='bbox 2589 3269 2649 3330; x_wconf 91' lang='lat' dir='ltr'><strong>ic</strong></span> 
     </span>
     <span class='ocr_line' id='line_1_36' title="bbox 382 3340 2648 3429; baseline 0.002 -28"><span class='ocrx_word' id='word_1_325' title='bbox 382 3340 909 3424; x_wconf 71' lang='lat' dir='ltr'><strong>ergodesperatae</strong></span> <span class='ocrx_word' id='word_1_326' title='bbox 948 3343 1264 3425; x_wconf 79' lang='lat' dir='ltr'><strong>impietatis</strong></span> <span class='ocrx_word' id='word_1_327' title='bbox 1304 3346 1568 3408; x_wconf 89' lang='lat' dir='ltr'><strong>cumulus</strong></span> <span class='ocrx_word' id='word_1_328' title='bbox 1618 3345 1766 3424; x_wconf 78' lang='lat' dir='ltr'><strong>suit,</strong></span> <span class='ocrx_word' id='word_1_329' title='bbox 1821 3348 1982 3429; x_wconf 89' lang='lat' dir='ltr'><strong>quod</strong></span> <span class='ocrx_word' id='word_1_330' title='bbox 2033 3359 2128 3408; x_wconf 87' lang='lat' dir='ltr'><strong>tot</strong></span> <span class='ocrx_word' id='word_1_331' title='bbox 2175 3346 2290 3408; x_wconf 89' lang='lat' dir='ltr'><strong>Dei</strong></span> <span class='ocrx_word' id='word_1_332' title='bbox 2341 3345 2648 3406; x_wconf 81' lang='lat' dir='ltr'><strong>beneficiis</strong></span> 
     </span>
     <span class='ocr_line' id='line_1_37' title="bbox 380 3415 2648 3506; baseline 0.002 -28"><span class='ocrx_word' id='word_1_333' title='bbox 380 3415 577 3498; x_wconf 80' lang='lat' dir='ltr'><strong>frangi</strong></span> <span class='ocrx_word' id='word_1_334' title='bbox 612 3437 681 3477; x_wconf 90' lang='lat' dir='ltr'><strong>ac</strong></span> <span class='ocrx_word' id='word_1_335' title='bbox 719 3418 877 3478; x_wconf 78' lang='lat' dir='ltr'><strong>vinci</strong></span> <span class='ocrx_word' id='word_1_336' title='bbox 916 3439 1123 3480; x_wconf 87' lang='lat' dir='ltr'><strong>eorum</strong></span> <span class='ocrx_word' id='word_1_337' title='bbox 1161 3424 1530 3484; x_wconf 87' lang='lat' dir='ltr'><strong>contumacia</strong></span> <span class='ocrx_word' id='word_1_338' title='bbox 1567 3444 1692 3485; x_wconf 90' lang='lat' dir='ltr'><strong>uon</strong></span> <span class='ocrx_word' id='word_1_339' title='bbox 1729 3427 1950 3506; x_wconf 89' lang='lat' dir='ltr'><strong>potuit,</strong></span> <span class='ocrx_word' id='word_1_340' title='bbox 1991 3427 2136 3506; x_wconf 77' lang='lat' dir='ltr'><strong>quiu</strong></span> <span class='ocrx_word' id='word_1_341' title='bbox 2173 3443 2406 3506; x_wconf 86' lang='lat' dir='ltr'><strong>semper</strong></span> <span class='ocrx_word' id='word_1_342' title='bbox 2443 3425 2514 3486; x_wconf 88' lang='lat' dir='ltr'><strong>ad</strong></span> <span class='ocrx_word' id='word_1_343' title='bbox 2550 3422 2648 3482; x_wconf 91' lang='lat' dir='ltr'><strong>in-</strong></span> 
     </span>
     <span class='ocr_line' id='line_1_38' title="bbox 382 3495 2649 3632; baseline 0.002 -78"><span class='ocrx_word' id='word_1_344' title='bbox 382 3496 625 3632; x_wconf 63' lang='grc' dir='ltr'>ξεηίιιω</span> <span class='ocrx_word' id='word_1_345' title='bbox 666 3495 945 3556; x_wconf 84' lang='lat' dir='ltr'><strong>redirent.</strong></span> <span class='ocrx_word' id='word_1_346' title='bbox 1034 3497 1289 3560; x_wconf 86' lang='lat' dir='ltr'><strong>Multum</strong></span> <span class='ocrx_word' id='word_1_347' title='bbox 1336 3500 1596 3562; x_wconf 85' lang='lat' dir='ltr'><strong>criminis</strong></span> <span class='ocrx_word' id='word_1_348' title='bbox 1644 3503 2018 3564; x_wconf 83' lang='lat' dir='ltr'><strong>atrocitatem</strong></span> <span class='ocrx_word' id='word_1_349' title='bbox 2065 3514 2242 3584; x_wconf 84' lang='lat' dir='ltr'><strong>auget</strong></span> <span class='ocrx_word' id='word_1_350' title='bbox 2285 3502 2446 3582; x_wconf 89' lang='lat' dir='ltr'><strong>quod</strong></span> <span class='ocrx_word' id='word_1_351' title='bbox 2496 3498 2649 3562; x_wconf 87' lang='lat' dir='ltr'><strong>dicit</strong></span> 
     </span>
    </p>

    <p class='ocr_par' dir='ltr' id='par_1_7' title="bbox 282 3569 2730 4132">
     <span class='ocr_line' id='line_1_39' title="bbox 432 3569 2730 3658; baseline 0.002 -27"><span class='ocrx_word' id='word_1_352' title='bbox 432 3569 742 3651; x_wconf 85' lang='lat' dir='ltr'><strong>tephanus,</strong></span> <span class='ocrx_word' id='word_1_353' title='bbox 782 3573 991 3634; x_wconf 77' lang='lat' dir='ltr'><strong>Mosen</strong></span> <span class='ocrx_word' id='word_1_354' title='bbox 1032 3585 1173 3636; x_wconf 87' lang='lat' dir='ltr'><strong>tunc</strong></span> <span class='ocrx_word' id='word_1_355' title='bbox 1216 3575 1391 3637; x_wconf 81' lang='lat' dir='ltr'><strong>fuisse</strong></span> <span class='ocrx_word' id='word_1_356' title='bbox 1433 3599 1566 3638; x_wconf 88' lang='lat' dir='ltr'><strong>cum</strong></span> <span class='ocrx_word' id='word_1_357' title='bbox 1615 3577 1727 3639; x_wconf 83' lang='lat' dir='ltr'><strong>illis</strong></span> <span class='ocrx_word' id='word_1_358' title='bbox 1776 3580 1840 3643; x_wconf 89' lang='lat' dir='ltr'><strong>iu</strong></span> <span class='ocrx_word' id='word_1_359' title='bbox 1889 3580 2142 3640; x_wconf 85' lang='lat' dir='ltr'><strong>deserto.</strong></span> <span class='ocrx_word' id='word_1_360' title='bbox 2219 3578 2646 3658; x_wconf 83' lang='lat' dir='ltr'><strong>Praeterquam</strong></span> <span class='ocrx_word' id='word_1_361' title='bbox 2719 3648 2730 3658; x_wconf 89' lang='lat'><strong>.</strong></span> 
     </span>
     <span class='ocr_line' id='line_1_40' title="bbox 384 3648 2643 3740; baseline 0.001 -31"><span class='ocrx_word' id='word_1_362' title='bbox 384 3649 543 3709; x_wconf 89' lang='lat' dir='ltr'><strong>enim</strong></span> <span class='ocrx_word' id='word_1_363' title='bbox 582 3648 741 3726; x_wconf 88' lang='lat' dir='ltr'><strong>quod</strong></span> <span class='ocrx_word' id='word_1_364' title='bbox 786 3671 911 3710; x_wconf 87' lang='lat' dir='ltr'><strong>rara</strong></span> <span class='ocrx_word' id='word_1_365' title='bbox 952 3649 1045 3712; x_wconf 84' lang='lat' dir='ltr'><strong>hic</strong></span> <span class='ocrx_word' id='word_1_366' title='bbox 1087 3663 1148 3712; x_wconf 89' lang='lat' dir='ltr'><strong>et</strong></span> <span class='ocrx_word' id='word_1_367' title='bbox 1182 3652 1624 3716; x_wconf 82' lang='lat' dir='ltr'><strong>inaestimabilis</strong></span> <span class='ocrx_word' id='word_1_368' title='bbox 1661 3655 1778 3740; x_wconf 66' lang='lat' dir='ltr'><strong>Dei</strong></span> <span class='ocrx_word' id='word_1_369' title='bbox 1821 3655 2051 3717; x_wconf 83' lang='lat' dir='ltr'><strong>bonitas</strong></span> <span class='ocrx_word' id='word_1_370' title='bbox 2092 3655 2152 3716; x_wconf 89' lang='lat' dir='ltr'><strong>in</strong></span> <span class='ocrx_word' id='word_1_371' title='bbox 2193 3655 2334 3737; x_wconf 84' lang='lat' dir='ltr'><strong>ipsis</strong></span> <span class='ocrx_word' id='word_1_372' title='bbox 2373 3655 2643 3716; x_wconf 79' lang='lat' dir='ltr'><strong>toleran-</strong></span> 
     </span>
     <span class='ocr_line' id='line_1_41' title="bbox 382 3725 2640 3816; baseline 0.002 -30"><span class='ocrx_word' id='word_1_373' title='bbox 382 3725 471 3786; x_wconf 85' lang='lat' dir='ltr'><strong>dis</strong></span> <span class='ocrx_word' id='word_1_374' title='bbox 508 3731 791 3816; x_wconf 45' lang='lat' dir='ltr'><strong>appare&amp;</strong></span> <span class='ocrx_word' id='word_1_375' title='bbox 816 3725 963 3816; x_wconf 45' lang='lat' dir='ltr'><strong>nil-til</strong></span> <span class='ocrx_word' id='word_1_376' title='bbox 1000 3727 1113 3789; x_wconf 85' lang='lat' dir='ltr'><strong>sibi</strong></span> <span class='ocrx_word' id='word_1_377' title='bbox 1151 3729 1221 3790; x_wconf 78' lang='lat' dir='ltr'><strong>ad</strong></span> <span class='ocrx_word' id='word_1_378' title='bbox 1264 3732 1696 3792; x_wconf 76' lang='lat' dir='ltr'><strong>excusationem</strong></span> <span class='ocrx_word' id='word_1_379' title='bbox 1736 3731 2030 3812; x_wconf 86' lang='lat' dir='ltr'><strong>reliquum</strong></span> <span class='ocrx_word' id='word_1_380' title='bbox 2069 3732 2323 3806; x_wconf 79' lang='lat' dir='ltr'><strong>faciunt,</strong></span> <span class='ocrx_word' id='word_1_381' title='bbox 2361 3731 2502 3796; x_wconf 84' lang='lat' dir='ltr'><strong>dum</strong></span> <span class='ocrx_word' id='word_1_382' title='bbox 2539 3742 2640 3792; x_wconf 82' lang='lat' dir='ltr'><strong>tot</strong></span> 
     </span>
     <span class='ocr_line' id='line_1_42' title="bbox 380 3803 2643 3884; baseline 0.002 -21"><span class='ocrx_word' id='word_1_383' title='bbox 380 3803 645 3883; x_wconf 74' lang='lat' dir='ltr'><strong>undique</strong></span> <span class='ocrx_word' id='word_1_384' title='bbox 681 3814 960 3884; x_wconf 81' lang='lat' dir='ltr'><strong>angustus</strong></span> <span class='ocrx_word' id='word_1_385' title='bbox 1000 3804 1254 3881; x_wconf 87' lang='lat' dir='ltr'><strong>obsessi,</strong></span> <span class='ocrx_word' id='word_1_386' title='bbox 1300 3819 1398 3868; x_wconf 84' lang='lat' dir='ltr'><strong>tot.</strong></span> <span class='ocrx_word' id='word_1_387' title='bbox 1439 3808 1878 3870; x_wconf 83' lang='lat' dir='ltr'><strong>necessitatibus</strong></span> <span class='ocrx_word' id='word_1_388' title='bbox 1917 3809 2247 3883; x_wconf 87' lang='lat' dir='ltr'><strong>constricti,</strong></span> <span class='ocrx_word' id='word_1_389' title='bbox 2285 3811 2494 3870; x_wconf 82' lang='lat' dir='ltr'><strong>Mosen</strong></span> <span class='ocrx_word' id='word_1_390' title='bbox 2539 3809 2643 3868; x_wconf 80' lang='lat' dir='ltr'><strong>ha·</strong></span> 
     </span>
     <span class='ocr_line' id='line_1_43' title="bbox 381 3877 2644 3960; baseline 0.001 -18"><span class='ocrx_word' id='word_1_391' title='bbox 381 3879 593 3942; x_wconf 83' lang='lat' dir='ltr'><strong>bentes</strong></span> <span class='ocrx_word' id='word_1_392' title='bbox 631 3877 840 3940; x_wconf 84' lang='lat' dir='ltr'><strong>ducem</strong></span> <span class='ocrx_word' id='word_1_393' title='bbox 879 3880 972 3940; x_wconf 81' lang='lat' dir='ltr'><strong>sui</strong></span> <span class='ocrx_word' id='word_1_394' title='bbox 1011 3881 1246 3943; x_wconf 88' lang='lat' dir='ltr'><strong>itineris</strong></span> <span class='ocrx_word' id='word_1_395' title='bbox 1284 3895 1344 3944; x_wconf 85' lang='lat' dir='ltr'><strong>et</strong></span> <span class='ocrx_word' id='word_1_396' title='bbox 1382 3883 1562 3946; x_wconf 79' lang='lat' dir='ltr'><strong>fidum</strong></span> <span class='ocrx_word' id='word_1_397' title='bbox 1597 3886 1750 3945; x_wconf 82' lang='lat' dir='ltr'><strong>vitae</strong></span> <span class='ocrx_word' id='word_1_398' title='bbox 1789 3885 2114 3960; x_wconf 86' lang='lat' dir='ltr'><strong>custodem,</strong></span> <span class='ocrx_word' id='word_1_399' title='bbox 2195 3886 2377 3946; x_wconf 85' lang='lat' dir='ltr'><strong>erfide</strong></span> <span class='ocrx_word' id='word_1_400' title='bbox 2414 3885 2644 3946; x_wconf 83' lang='lat' dir='ltr'><strong>nihilo-</strong></span> 
     </span>
     <span class='ocr_line' id='line_1_44' title="bbox 380 3956 2642 4054; baseline 0.001 -36"><span class='ocrx_word' id='word_1_401' title='bbox 380 3957 574 4018; x_wconf 88' lang='lat' dir='ltr'><strong>minus</strong></span> <span class='ocrx_word' id='word_1_402' title='bbox 632 3977 665 4016; x_wconf 87' lang='lat' dir='ltr'><strong>a</strong></span> <span class='ocrx_word' id='word_1_403' title='bbox 702 3956 838 4017; x_wconf 86' lang='lat' dir='ltr'><strong>Deo</strong></span> <span class='ocrx_word' id='word_1_404' title='bbox 904 3957 1035 4039; x_wconf 86' lang='lat' dir='ltr'><strong>ipso</strong></span> <span class='ocrx_word' id='word_1_405' title='bbox 1096 3959 1398 4022; x_wconf 82' lang='lat' dir='ltr'><strong>deficiunt.</strong></span> <span class='ocrx_word' id='word_1_406' title='bbox 1481 3961 1760 4054; x_wconf 84' lang='lat' dir='ltr'><strong>Denique</strong></span> <span class='ocrx_word' id='word_1_407' title='bbox 1821 3963 2121 4024; x_wconf 86' lang='lat' dir='ltr'><strong>indomitis</strong></span> <span class='ocrx_word' id='word_1_408' title='bbox 2213 3963 2370 4024; x_wconf 84' lang='lat' dir='ltr'><strong>estiis</strong></span> <span class='ocrx_word' id='word_1_409' title='bbox 2421 3962 2642 4024; x_wconf 83' lang='lat' dir='ltr'><strong>similes</strong></span> 
     </span>
     <span class='ocr_line' id='line_1_45' title="bbox 282 4035 2640 4132; baseline 0.001 -38"><span class='ocrx_word' id='word_1_410' title='bbox 282 4043 301 4056; x_wconf 78' lang='lat'><em>⁶</em></span> <span class='ocrx_word' id='word_1_411' title='bbox 383 4035 561 4124; x_wconf 77' lang='lat' dir='ltr'><strong>fuisse</strong></span> <span class='ocrx_word' id='word_1_412' title='bbox 610 4045 880 4114; x_wconf 86' lang='lat' dir='ltr'><strong>apparet,</strong></span> <span class='ocrx_word' id='word_1_413' title='bbox 930 4056 1078 4114; x_wconf 87' lang='lat' dir='ltr'><strong>quos</strong></span> <span class='ocrx_word' id='word_1_414' title='bbox 1117 4036 1423 4100; x_wconf 51' lang='lat' dir='ltr'><strong>Deusetot</strong></span> <span class='ocrx_word' id='word_1_415' title='bbox 1470 4037 1719 4101; x_wconf 73' lang='lat' dir='ltr'><strong>vinculis</strong></span> <span class='ocrx_word' id='word_1_416' title='bbox 1767 4039 2029 4101; x_wconf 87' lang='lat' dir='ltr'><strong>retinere</strong></span> <span class='ocrx_word' id='word_1_417' title='bbox 2076 4042 2140 4101; x_wconf 88' lang='lat' dir='ltr'><strong>in</strong></span> <span class='ocrx_word' id='word_1_418' title='bbox 2181 4038 2474 4132; x_wconf 76' lang='lat' dir='ltr'><strong>obsequio</strong></span> <span class='ocrx_word' id='word_1_419' title='bbox 2513 4059 2640 4100; x_wconf 84' lang='lat' dir='ltr'><strong>non</strong></span> 
     </span>
    </p>

    <p class='ocr_par' dir='ltr' id='par_1_8' title="bbox 380 4111 2648 4428">
     <span class='ocr_line' id='line_1_46' title="bbox 382 4111 2646 4210; baseline 0.003 -41"><span class='ocrx_word' id='word_1_420' title='bbox 382 4121 598 4192; x_wconf 77' lang='lat' dir='ltr'><strong>potunt.</strong></span> <span class='ocrx_word' id='word_1_421' title='bbox 685 4111 871 4187; x_wconf 87' lang='lat' dir='ltr'><strong>Quod</strong></span> <span class='ocrx_word' id='word_1_422' title='bbox 922 4131 1067 4194; x_wconf 86' lang='lat' dir='ltr'><strong>ergo</strong></span> <span class='ocrx_word' id='word_1_423' title='bbox 1118 4111 1251 4176; x_wconf 82' lang='lat' dir='ltr'><strong>illos</strong></span> <span class='ocrx_word' id='word_1_424' title='bbox 1298 4114 1498 4176; x_wconf 82' lang='lat' dir='ltr'><strong>Moses</strong></span> <span class='ocrx_word' id='word_1_425' title='bbox 1545 4112 1653 4176; x_wconf 86' lang='lat' dir='ltr'><strong>sub</strong></span> <span class='ocrx_word' id='word_1_426' title='bbox 1716 4115 1934 4180; x_wconf 65' lang='lat' dir='ltr'><strong>ducam</strong></span> <span class='ocrx_word' id='word_1_427' title='bbox 1985 4129 2048 4178; x_wconf 91' lang='lat' dir='ltr'><strong>et</strong></span> <span class='ocrx_word' id='word_1_428' title='bbox 2103 4117 2394 4210; x_wconf 70' lang='lat' dir='ltr'><strong>praesidio</strong></span> <span class='ocrx_word' id='word_1_429' title='bbox 2443 4113 2646 4198; x_wconf 85' lang='lat' dir='ltr'><strong>angeli</strong></span> 
     </span>
     <span class='ocr_line' id='line_1_47' title="bbox 380 4187 2646 4282; baseline 0.004 -38"><span class='ocrx_word' id='word_1_430' title='bbox 380 4187 823 4277; x_wconf 43' lang='lat' dir='ltr'><strong>per-desertum</strong></span> <span class='ocrx_word' id='word_1_431' title='bbox 865 4207 1074 4272; x_wconf 80' lang='lat' dir='ltr'><strong>regere</strong></span> <span class='ocrx_word' id='word_1_432' title='bbox 1122 4211 1245 4252; x_wconf 90' lang='lat' dir='ltr'><strong>non</strong></span> <span class='ocrx_word' id='word_1_433' title='bbox 1296 4193 1550 4269; x_wconf 83' lang='lat' dir='ltr'><strong>destitit,</strong></span> <span class='ocrx_word' id='word_1_434' title='bbox 1588 4212 1674 4282; x_wconf 40' lang='lat' dir='ltr'><strong>‘ex</strong></span> <span class='ocrx_word' id='word_1_435' title='bbox 1712 4192 1820 4255; x_wconf 85' lang='lat' dir='ltr'><strong>hac</strong></span> <span class='ocrx_word' id='word_1_436' title='bbox 1868 4206 2172 4282; x_wconf 49' lang='lat' dir='ltr'><strong>temporis·</strong></span> <span class='ocrx_word' id='word_1_437' title='bbox 2203 4192 2646 4255; x_wconf 86' lang='lat' dir='ltr'><strong>circumstantia</strong></span> 
     </span>
     <span class='ocr_line' id='line_1_48' title="bbox 380 4261 2648 4357; baseline 0.004 -37"><span class='ocrx_word' id='word_1_438' title='bbox 380 4261 667 4357; x_wconf 70' lang='lat' dir='ltr'><strong>colligere</strong></span> <span class='ocrx_word' id='word_1_439' title='bbox 704 4279 1041 4354; x_wconf 73' lang='lat' dir='ltr'><strong>promptum</strong></span> <span class='ocrx_word' id='word_1_440' title='bbox 1084 4279 1215 4344; x_wconf 78' lang='lat' dir='ltr'><strong>est,‘</strong></span> <span class='ocrx_word' id='word_1_441' title='bbox 1236 4289 1410 4349; x_wconf 87' lang='lat' dir='ltr'><strong>quam</strong></span> <span class='ocrx_word' id='word_1_442' title='bbox 1448 4268 1740 4330; x_wconf 71' lang='lat' dir='ltr'><strong>obstinata</strong></span> <span class='ocrx_word' id='word_1_443' title='bbox 1781 4283 1846 4331; x_wconf 89' lang='lat' dir='ltr'><strong>et</strong></span> <span class='ocrx_word' id='word_1_444' title='bbox 1865 4269 2202 4334; x_wconf 73' lang='lat' dir='ltr'><strong>insanabilis</strong></span> <span class='ocrx_word' id='word_1_445' title='bbox 2225 4270 2408 4331; x_wconf 78' lang='lat' dir='ltr'><strong>fuerit</strong></span> <span class='ocrx_word' id='word_1_446' title='bbox 2431 4289 2648 4333; x_wconf 83' lang='lat' dir='ltr'><strong>eorum</strong></span> 
     </span>
     <span class='ocr_line' id='line_1_49' title="bbox 381 4343 2646 4428; baseline 0.004 -29"><span class='ocrx_word' id='word_1_447' title='bbox 381 4353 661 4418; x_wconf 71' lang='lat' dir='ltr'><strong>pravitas:</strong></span> <span class='ocrx_word' id='word_1_448' title='bbox 699 4343 871 4412; x_wconf 78' lang='lat' dir='ltr'><strong>sicuti</strong></span> <span class='ocrx_word' id='word_1_449' title='bbox 910 4343 1287 4428; x_wconf 81' lang='lat' dir='ltr'><strong>prodigiosae</strong></span> <span class='ocrx_word' id='word_1_450' title='bbox 1326 4346 1734 4412; x_wconf 83' lang='lat' dir='ltr'><strong>contumaciae</strong></span> <span class='ocrx_word' id='word_1_451' title='bbox 1771 4347 1903 4427; x_wconf 72' lang='lat' dir='ltr'><strong>tuit,</strong></span> <span class='ocrx_word' id='word_1_452' title='bbox 1939 4369 2066 4414; x_wconf 89' lang='lat' dir='ltr'><strong>non</strong></span> <span class='ocrx_word' id='word_1_453' title='bbox 2089 4345 2384 4410; x_wconf 82' lang='lat' dir='ltr'><strong>humiliari</strong></span> <span class='ocrx_word' id='word_1_454' title='bbox 2402 4357 2498 4410; x_wconf 85' lang='lat' dir='ltr'><strong>tot</strong></span> <span class='ocrx_word' id='word_1_455' title='bbox 2515 4365 2646 4408; x_wconf 83' lang='lat' dir='ltr'><strong>ma-</strong></span> 
     </span>
    </p>
   </div>
  </div>
 </body>
</html>
