2788 4713
402 247 518 309 316
605 227 617 236 “
1184 243 1273 304 m
1310 241 1536 304 ACTA
1573 239 1859 304 aros-r.
1905 308 1912 321 ,

446 405 521 445 ne
559 387 707 448 vitae
755 388 1209 448 aestimationem
1262 405 1329 447 ex
1382 387 1734 449 Sanctorum
1779 383 2022 446 arbitrio
2069 395 2132 446 et
2183 383 2473 468 suffragiis
2513 386 2664 448 fieri

349 533 362 540 ,
404 407 622 526 ἔρδει-ο
661 485 689 528 a
738 475 930 544 paret,
968 475 1033 523 ut
1072 461 1281 546 dignus
1321 463 1655 544 episcopatu
1694 472 2025 536 censeatur,
2063 481 2235 542 quem
2273 462 2390 522 suis
2431 463 2660 546 elogiis

388 559 668 602 ‘commen
714 552 827 599 ant.
901 541 1035 598 Hoc
1079 550 1275 600 tamen
1322 541 1494 600 etiam
1539 539 1796 600 secundo
1843 537 1980 599 loco
2031 539 2252 618 requiri
2299 537 2526 613 fateor,
2577 551 2660 600 ut

405 616 654 677 cundem
704 615 933 676 laudare
983 627 1272 698 cogantur
1320 614 1638 690 increduli,
1689 634 1764 674 ne
1813 634 2016 674 eorum
2063 612 2299 696 probris
2349 625 2411 674 et
2457 613 2654 676 male-

404 692 687 752 dicentiae
725 690 974 752 obnoxia
1012 692 1086 752 sit
1124 692 1255 752 De?
1274 690 1568 770 Ecclesia,
1619 690 1670 752 si
1714 691 1902 772 turpis
1941 689 2124 750 famae
2163 689 2500 752 hominihus
2541 711 2652 752 re·-

401 765 649 852 gendam
688 787 748 826 se
789 767 1103 848 permittat.
2477 827 2489 834 ,

552 847 608 907 3.
688 841 1054 905 Circumcidit
1094 857 1331 920 propter
1370 841 1638 903 Iudaeos.
1713 841 1950 904 Diserte
1990 841 2258 923 exprimit
2290 841 2474 903 Lucas
2511 861 2650 904 nou

402 919 576 980 fuisse
616 917 1013 980 circumcisum
1055 919 1461 993 Timotheum,
1509 919 1641 1000 quia
1681 938 1914 980 necesse
1955 917 2138 992 foret4
2185 915 2274 978 vel
2314 918 2449 998 quia
2520 920 2539 934 ’
2631 919 2654 936 ’

400 995 555 1056 illius
593 993 827 1054 duraret
865 995 1051 1054 adhuc
1090 995 1321 1078 religio,
1359 995 1461 1056 sed
1501 1009 1568 1058 ut
1602 993 1813 1056 Paulus
1849 994 2180 1056 scandalum
2217 994 2439 1057 vitaret.
2581 1015 2654 1056 a-

400 1071 558 1132 bitus
598 1090 741 1152 ergo
788 1070 899 1129 fuit
936 1071 1233 1131 hominum
1272 1083 1601 1152 respectus,
1649 1093 1824 1154 quum
1877 1091 1970 1132 res
2020 1087 2212 1146 coram
2264 1070 2398 1132 Deo
2449 1069 2651 1134 libera

402 1160 582 1209 esset:
686 1165 819 1206 uare
861 1145 1243 1208 circumcisio
1282 1148 1581 1210 Timothei
1625 1169 1748 1210 non
1799 1148 1909 1208 fuit
1946 1146 2414 1222 Sacramentum,
2463 1146 2650 1238 quale

401 1223 595 1284 datum
673 1234 835 1283 uerat
881 1222 1151 1284 Abrahae
1200 1235 1260 1284 et
1306 1224 1428 1284 eius
1479 1225 1760 1306 posteris,
1813 1223 1916 1286 sed
1955 1221 2284 1284 ceremonia
2333 1222 2525 1283 media
2581 1235 2648 1284 et

398 1299 774 1374 indifferens,
826 1317 971 1378 quae
1009 1309 1233 1359 tantum
1282 1300 1354 1361 ad
1407 1299 1710 1363 fovendam
1751 1302 2078 1376 caritatem,
2129 1319 2250 1359 nnn
2291 1297 2362 1358 ad
2401 1300 2646 1380 pietatis

400 1373 736 1436 exercitium
792 1374 1037 1435 valebat.
1132 1375 1257 1436 Iam
1310 1377 1637 1457 quaeritur,
1695 1397 1767 1438 an
1829 1375 2010 1436 Panlo
2070 1372 2398 1456 symbolum
2459 1374 2645 1436 inane

399 1469 678 1530 usurpare
727 1449 987 1526 licuerit,
1040 1453 1199 1514 cuius
1245 1453 1590 1536 significatio
1642 1465 1701 1515 et
1747 1453 1828 1514 vis
1874 1451 2090 1513 abolita
2138 1461 2278 1528 erat.
2377 1449 2638 1512 Videtur

398 1528 555 1588 enim
596 1547 686 1587 res
726 1547 861 1594 esse,
888 1527 1136 1602 lusoria,
1170 1529 1285 1602 ,ubi
1324 1530 1394 1590 ab
1435 1530 1706 1590 instituto
1743 1527 1862 1589 Dei
1901 1527 2240 1590 disceditur:
2292 1527 2454 1606 atqui
2495 1525 2643 1588 Cir-

398 1603 674 1664 cumcisio
714 1603 981 1664 divinitus
1022 1615 1241 1665 tantum
1282 1607 1352 1666 ad
1378 1605 1594 1666 Christi
1634 1625 1812 1686 usque
1845 1604 2153 1666 adventum
2183 1603 2447 1662 mandata
2487 1615 2644 1664 erat.

396 1679 492 1741 Ad
526 1679 670 1739 hanc
702 1681 1097 1759 quaestionem
1138 1682 1489 1763 respondeo,
1523 1681 2040 1744 circumcisionem
2073 1679 2153 1739 ita
2182 1699 2425 1740 cessasse
2453 1677 2644 1741 Chri-

396 1757 471 1818 sti
510 1755 789 1830 adventu,
826 1768 895 1817 ut
936 1766 1132 1818 tamen
1179 1779 1313 1818 usus
1362 1780 1483 1821 non
1531 1759 1730 1818 statim
1769 1757 1936 1839 plane
1982 1755 2234 1816 abolitus
2282 1754 2487 1830 fuerit,
2525 1755 2642 1816 sed

395 1827 549 1894 liber
584 1843 865 1903 maneret,
902 1833 1093 1894 donec
1132 1833 1337 1895 clarius
1376 1835 1658 1915 patefacta
1694 1832 1993 1914 Evangelii
2032 1829 2161 1892 luce
2201 1851 2402 1894 omnes
2439 1852 2642 1914 agno-

392 1921 659 1983 scerent,
709 1907 1001 1970 Christum
1054 1930 1178 1970 esse
1228 1911 1404 1970 finem
1453 1910 1644 1992 Legis.
1717 1909 1917 1990 Atque
1963 1908 2058 1968 hic
2106 1920 2224 1968 tres
2263 1908 2474 1990 gradus
2513 1929 2638 1969 no-

394 1983 557 2046 tandi
590 1996 743 2044 sunt.
818 1983 1044 2046 Primus
1081 1997 1199 2062 est,
1248 1987 1331 2048 sie
1368 1986 1673 2070 abrogatas
1712 1985 1884 2046 fuisse
1919 1985 2006 2046 Le
2051 1985 2094 2046 is
2133 1985 2489 2046 ceremonias
2527 2005 2638 2043 ex-

392 2059 582 2126 hibito
625 2060 891 2132 Christo,
938 2065 1017 2121 ut'
1054 2083 1245 2141 neque
1292 2062 1534 2142 amplius
1586 2073 1920 2142 spectarent
1957 2084 1986 2122 a
2067 2061 2180 2120 Dei
2220 2059 2466 2134 cultum,
2513 2079 2637 2120 nec

392 2157 589 2197 rerum
627 2136 1002 2218 spiritualium
1041 2137 1259 2219 figurae
1298 2149 1518 2212 essent,
1569 2159 1682 2199 nee
1717 2137 1833 2198 ulla
1873 2151 2023 2202 esset
2059 2137 2258 2196 utendi
2299 2137 2634 2198 necessitas.

396 2213 698 2274 Secundus
738 2233 907 2288 vero,
958 2213 1202 2274 liberum
1253 2214 1426 2275 fuisse
1467 2235 1661 2276 earum
1699 2237 1896 2286 usum,
1955 2215 2145 2275 donec
2193 2211 2400 2274 clarius
2445 2213 2634 2276 inno-

391 2302 644 2350 tesceret
678 2289 977 2373 Evangelii
1014 2291 1240 2352 veritas.
1316 2292 1585 2367 Tertius,
1633 2311 1756 2352 non
1807 2290 2036 2352 licuisse
2084 2289 2347 2349 fidelibus
2395 2309 2490 2348 eas
2527 2309 2630 2348 re-

391 2368 613 2442 tinere,
664 2366 771 2427 nisi
822 2380 1100 2447 quatenus
1150 2388 1345 2428 earum
1397 2392 1530 2430 usus
1587 2370 1646 2428 in
1696 2366 2155 2429 aedificationem
2209 2366 2456 2441 faceret,
2513 2386 2630 2427 nec

392 2444 531 2504 inde
560 2442 856 2503 foveretur
879 2444 1229 2525 superstitio.
1292 2442 1639 2525 Quanquam
1677 2444 1858 2505 libera
1896 2444 2016 2517 illa,
2047 2464 2214 2525 quam
2247 2441 2382 2516 dixi,
2421 2442 2629 2503 utendi

388 2519 633 2581 facultas
670 2522 1013 2600 exceptione
1050 2542 1169 2581 non
1214 2533 1402 2596 caret,
1439 2522 1572 2601 quia
1611 2520 2070 2582 ceremoniarum
2109 2521 2328 2580 diversa
2367 2529 2494 2579 erat
2529 2540 2628 2578 ra-

390 2598 511 2657 tio:
552 2616 743 2675 neque
784 2598 935 2657 enim
976 2598 1184 2658 eodem
1217 2596 1600 2659 circumcisio
1641 2596 1774 2658 loco
1816 2609 1958 2673 erat,
1999 2617 2126 2676 quo,
2155 2595 2435 2657 sacrificia
2473 2614 2630 2675 quae

393 2673 682 2754 expiandis
730 2674 979 2808 peccatis
1026 2674 1289 2733 ordinata
1338 2686 1522 2733 erant.
1555 2744 1563 2755 ,
1600 2672 1801 2748 Quare
1839 2672 2022 2733 Paulo
2063 2671 2478 2732 circumcidere
2517 2670 2632 2731 Ti·

390 2751 689 2815 motheum
766 2751 927 2809 ienit:
975 2751 1261 2811 victimam
1300 2772 1412 2831 pro
1451 2761 1693 2830 peccato
1735 2748 1954 2809 offerre
1989 2750 2077 2809 fas
2122 2750 2360 2807 minime
2406 2746 2630 2807 fuisset.

390 2826 527 2885 Hoc
566 2824 797 2904 quidem
835 2824 1105 2908 generale
1146 2836 1263 2902 est,
1312 2837 1504 2887 totum
1543 2826 1598 2885 le
1639 2825 1788 2887 alem
1825 2825 2078 2900 cultum,
2117 2826 2250 2911 quia
2283 2822 2632 2905 temporalis

392 2913 547 2976 erat,
594 2922 839 2961 cessasse
888 2901 1105 2961 Christi
1156 2902 1406 2962 adventu
1456 2924 1601 2981 quoa
1687 2903 1862 2963 fidem
1912 2912 1974 2962 et
2017 2900 2450 2961 conscientiam.
2526 2900 2630 2960 De

390 2988 725 3059 usntautem
766 2977 846 3036 sic
887 2975 1211 3037 habendum
1254 2991 1371 3053 eat,
1419 2977 1676 3039 medium
1726 2990 1787 3038 et
1831 2978 2140 3058 impiorum
2191 2976 2444 3036 libertati
2481 2976 2632 3035 reii-

286 3070 293 3073 ·
390 3064 546 3112 ctum
600 3072 722 3111 esse
774 3052 842 3110 ad
894 3052 1069 3112 breve
1119 3066 1379 3134 tempus,
1439 3067 1718 3133 quatenus
1763 3054 1898 3114 fidei
1949 3052 2304 3115 confessioni
2348 3052 2630 3112 adversus

386 3148 513 3192 non
556 3139 692 3187 erat.
770 3128 1041 3188 Notanda
1082 3143 1169 3191 est
1205 3131 1487 3209 temporis
1527 3131 1806 3207 brevitas,
1857 3131 1927 3190 de
1968 3151 2078 3211 qua
2117 3130 2357 3209 loquor,
2403 3146 2632 3207 nempe

376 3210 573 3283 'usque
622 3205 693 3263 ad
746 3204 953 3265 claram
1004 3205 1301 3289 Evangelii
1352 3206 1908 3283 manifestationem,
1959 3208 2092 3286 quia
2141 3208 2324 3267 crasse
2370 3202 2624 3264 halluci-

390 3292 603 3339 nantur
654 3279 758 3341 bac
806 3280 865 3340 in
917 3294 1080 3367 parte
1130 3283 1289 3342 docti
1328 3279 1564 3362 quidam'
1604 3282 1905 3359 homines,
1956 3282 2165 3363 quibus
2212 3282 2444 3342 videtur
2479 3280 2628 3341 Cir-

388 3357 663 3417 cumcisio
714 3358 905 3418 locum
956 3352 1141 3418 adhuc
1180 3357 1394 3418 habere
1433 3359 1584 3441 apud
1623 3358 1900 3433 Iudaeos,
1951 3380 2126 3439 quum
2167 3358 2372 3419 doceat
2409 3357 2627 3419 Paulus

386 3454 453 3494 su
498 3454 794 3494 ervacuam
842 3455 998 3512 esse,
1050 3434 1149 3493 ubi
1202 3454 1309 3515 per
1356 3436 1712 3516 Baptismum
1763 3436 2088 3517 consepulti
2133 3454 2325 3495 sumus
2377 3433 2622 3495 Christo

388 3512 410 3583 (
472 3506 643 3581 ΟῙ-ι2,
682 3518 776 3583 11,
815 3513 947 3589 12).
1024 3511 1259 3571 Rectius
1298 3515 1480 3573 veteri
1522 3511 1833 3593 proverbio
1875 3513 2090 3571 dictum
2131 3510 2271 3587 fuit,
2309 3509 2626 3591 sepelien-

388 3586 517 3645 dam
557 3584 927 3669 Synagogam
967 3608 1095 3648 cnm
1135 3588 1383 3649 honore.
1459 3590 1629 3649 Nunc
1666 3610 1732 3649 su
1779 3600 1929 3648 erest
1967 3588 2296 3661 dicendum,
2339 3598 2626 3679 quatenns

384 3662 726 3724 indifferens
766 3664 943 3725 fuerit
982 3664 1448 3726 circumcisionis
1487 3687 1632 3725 usus.
1733 3610 1815 3724 iix
1855 3662 2398 3725 ratione-libertatus
2433 3662 2494 3723 id
2535 3662 2624 3723 fa-

388 3739 497 3799 cile
549 3740 784 3819 patebit.
884 3742 1042 3817 Quia
1092 3740 1353 3800 nondum
1411 3742 1748 3801 innotuerat
1795 3740 2002 3821 passim
2051 3741 2314 3823 gentium
2363 3739 2624 3815 vocatio,

382 3814 609 3876 Iudaeis
648 3816 895 3877 dandum
938 3829 1060 3877 erat
1098 3816 1313 3895 aliquid
1350 3818 1808 3898 praerogativae:
1860 3816 2048 3877 donec
2086 3836 2231 3898 ergo
2268 3816 2474 3877 melius
2513 3836 2620 3877 co-

382 3894 611 3975 gnitum
647 3904 818 3964 esset,
858 3894 1227 3975 adoptionem
1265 3914 1296 3951 a
1377 3912 1552 3953 encre
1590 3893 1861 3955 Abrahae
1899 3892 1968 3951 ad
2008 3913 2214 3953 omnes
2251 3906 2456 3975 gentes
2495 3912 2622 3952 esse

380 3968 745 4039 transfusam,
792 3968 955 4029 licuit
992 3978 1168 4049 prout
1218 3910 1444 4029 (ει-εἰπὲ
1489 3969 1813 4030 aedificatio
1853 3972 2079 4063 signum
2119 3968 2484 4029 discretionis
2519 3988 2620 4029 re-

380 4046 589 4125 tinere.
650 4047 796 4103 Nam
828 4066 1003 4123 quum
1030 4044 1233 4105 Titum
1256 4042 1666 4105 circumcidere
1698 4046 1955 4107 noluerit
1981 4044 2212 4119 PaulnS,
2252 4046 2424 4125 idque
2455 4055 2620 4106 recte

382 4120 599 4181 factum
638 4139 759 4181 esse
800 4120 1095 4201 praedicet
1131 4120 1295 4197 (Gal.
1330 4130 1393 4199 2,
1425 4124 1534 4198 3.)‚
1578 4143 1638 4184 se
1683 4122 1842 4181 nitur
1878 4121 2026 4183 hanc
2064 4124 2456 4182 ceremoniam
2491 4142 2618 4181 non

302 4246 317 4263 ,
380 4196 739 4279 promiscue,
786 4214 897 4255 nec
944 4197 1071 4257 sine
1118 4196 1347 4258 delectu
1399 4197 1569 4258 fuisse
1617 4144 1877 4259 liberam
1951 4199 2116 4281 Ergo
2153 4198 2468 4279 spectanda
2507 4196 2622 4257 fuit

381 4270 702 4330 aedificatio
745 4281 805 4329 et
840 4270 1072 4355 publica
1109 4271 1406 4334 Ecclesiae
1443 4272 1668 4335 utilitas.
1767 4274 1925 4350 Quia
1963 4275 2166 4335 Titum
2203 4273 2622 4335 circumcidere

383 4364 503 4407 non
544 4358 801 4428 poterat,
840 4348 981 4431 quin
1020 4370 1220 4433 puram
1258 4349 1558 4431 Evangelii
1596 4352 1916 4469 dgctrinam
1957 4350 2270 4433 proderet,
2303 4368 2484 4432 seque
2523 4368 2622 4410 ex·-
