2788 4713
969 229 1244 291 CAPUT
1282 228 1529 290 xxvn.
1930 236 1943 247 ·
2135 309 2145 323 ἱ
2274 234 2389 296 475

154 379 388 460 patitur.
460 376 543 438 Et
577 373 1048 458 ipsa-necessitas
1085 370 1200 433 buc
1237 392 1372 433 eum
1419 390 1609 453 prope
1654 372 1931 453 cogebatz
1980 384 2189 457 portus
2236 374 2391 435 enim

155 456 225 517 ad
265 453 691 515 hibernandum
730 462 854 515 erat
886 447 1308 512 incommodus.
1354 447 1484 509 Nec
1522 468 1663 509 vero
1702 448 1981 511 suadebat
2012 453 2395 535 gubernator,

158 552 362 593 navem
401 530 463 589 in
502 529 681 589 altum
721 526 958 608 proiici,
1005 526 1104 589 sed
1158 537 1222 585 ut
1259 524 1318 585 in
1359 526 1609 587 vicinum
1654 534 1892 617 portum
1930 546 1991 585 se
2031 528 2395 611 conferrent,

160 609 260 688 qui
297 626 486 688 prope
525 606 589 665 in
629 605 814 664 oculis
865 614 1008 667 erat.
1084 604 1174 663 Ita
1225 602 1388 663 brevi
1436 602 1707 663 molestia
1752 600 2145 663 redimebatur
2190 603 2394 665 hiemis

157 682 562 764 transigendae
601 679 1000 743 commoditas.
1072 680 1164 741 Ne
1209 700 1284 739 ue
1323 688 1515 743 temen
1554 678 1667 740 boc
1716 677 1930 737 frustra
1976 678 2161 739 refert
2188 681 2397 756 Lucas,

161 760 263 823 sed
301 772 370 823 ut
403 758 676 832 sciamus,
712 756 958 819 Paulum
997 757 1106 817 iam
1145 778 1175 817 a
1259 756 1432 817 initio
1472 756 1815 816 instructum
1866 754 2038 815 fuisse
2078 759 2402 834 praesentia

163 836 450 915 Spiritus,
499 846 564 895 ut
599 834 802 895 melius
840 833 1064 893 videret
1141 852 1248 893 uae
1297 832 1463 891 utilia
1504 843 1697 907 erant,
1744 851 1916 911 quam
1966 831 2224 913 magistri
2271 834 2399 913 ipsi.

165 911 504 973 Oraculone
543 911 814 985 edoctus,
852 930 928 969 an
965 930 1112 970 occu
1137 922 1196 970 ta
1230 908 1619 989 inspiratione
1658 907 1963 969 consilium
2004 907 2117 967 boc
2155 908 2403 985 dederit,

163 988 438 1054 nescitur.
495 986 630 1050 Hoc
666 987 902 1067 quidem
943 997 1166 1046 certum
1203 996 1312 1059 est,
1344 985 1417 1047 ad
1446 984 1569 1047 eius
1598 984 2168 1045 commendationem
2201 996 2406 1064 postea

162 1066 422 1127 valuisse.
459 1064 650 1128 Porro
674 1073 852 1144 quu‘m
869 1062 1272 1142 dicat(v.13·),
1302 1060 1511 1145 legisse
1530 1060 1827 1123 Creticum
1852 1060 2005 1136 litus,
2019 1061 2291 1121 donecin
2316 1061 2407 1121 di·-

162 1162 384 1201 versam
426 1153 645 1222 partem
683 1162 744 1201 ra
795 1140 838 1199 ti
872 1151 1030 1217 sunt,
1069 1140 1195 1199 iure
1233 1138 1386 1199 Beza
1428 1150 1633 1200 noster
1652 1136 2051 1218 Interpretum
2090 1136 2410 1197 hallucina-
2456 1154 2461 1161 ·

165 1218 392 1278 tionem
431 1216 722 1299 repreben
766 1216 812 1276 it
849 1215 910 1275 in
932 1235 1077 1277 voce
1115 1207 1308 1285 ἆσσον,
1348 1217 1489 1278 dnm
1530 1234 1597 1276 ex
1634 1215 1915 1278 adverbio
1942 1214 2209 1278 fecerunt
2246 1215 2407 1277 urbis

166 1314 403 1357 nomen.
2386 1323 2393 1332 ι

317 1378 410 1436 15.
491 1366 684 1451 Quum
726 1380 994 1444 con-epm
1035 1381 1176 1427 esser
1215 1370 1399 1429 navis.
1476 1368 1591 1429 Hic
1635 1369 1823 1431 Lucas
1874 1369 2151 1431 accidisse
2196 1379 2411 1445 narrat,

168 1446 328 1526 quod
364 1444 520 1506 solet
555 1444 617 1504 in
656 1456 914 1505 extremo
952 1444 1314 1519 discrimine,
1364 1454 1431 1503 ut
1466 1464 1529 1505 se
1571 1446 1757 1505 ventis
1793 1444 2068 1507 serendos
2108 1447 2413 1527 permitte-

170 1532 320 1583 rent.
400 1520 602 1596 Quum
651 1522 808 1601 prius
857 1520 1222 1601 aliquatenus
1272 1520 1567 1602 progressi
1616 1520 1729 1581 sibi
1769 1539 1839 1580 ex
1882 1522 2057 1583 animi
2095 1535 2238 1584 voto
2280 1546 2413 1584 suc-

173 1599 383 1659 cedere
421 1608 695 1677 putarent
733 1608 973 1672 nautae,
1013 1618 1134 1658 non
1176 1597 1419 1658 dubium
1460 1608 1577 1669 est,
1624 1598 1763 1677 quin
1803 1596 1967 1657 Pauli
2024 1601 2414 1659 monitionem

173 1674 505 1749 deriserint,
545 1684 612 1735 ut
647 1694 774 1734 mos
815 1686 902 1735 est
937 1674 1259 1735 temerariis
1299 1671 1661 1747 bominibus,
1700 1674 1929 1754 quoties
1968 1676 2187 1736 arridet
2216 1676 2414 1738 fortu-

173 1772 280 1825 na,
318 1750 689 1811 insolescere.
748 1749 922 1811 Nunc
961 1747 1310 1831 deprehensi
1347 1748 1523 1810 nimis
1558 1769 1747 1811 seram
1786 1750 2053 1811 audaciae
2090 1772 2228 1817 suae
2266 1771 2418 1833 poe-

175 1848 309 1887 nam
347 1827 543 1888 luunt:
597 1826 717 1888 imo
763 1846 954 1909 prope
1003 1824 1244 1888 insulam
1291 1824 1519 1906 appulsi
1578 1847 1701 1886 non
1748 1826 1939 1887 minus
1988 1826 2097 1887 sibi
2149 1838 2418 1888 metuunt

175 1904 249 1965 a'b
291 1901 672 1985 impactione,
723 1924 894 1982 quam
932 1903 1093 1984 prius
1140 1924 1173 1964 a
1212 1902 1593 1965 subversione
1632 1903 1807 1963 navis.
1882 1902 1962 1963 Et
2002 1903 2313 1987 diligenter
2350 1924 2420 1965 ea

177 1980 376 2042 omnia
414 1980 784 2071 persequitur
821 1980 1028 2054 Lucas,
1068 2000 1136 2040 ex
1171 1979 1382 2059 quibus
1404 1976 1933 2063 „colligere*liceat,
1970 1980 2118 2041 adeo
2158 1994 2418 2043 atrocem

179 2068 240 2117 et
276 2077 497 2117 saevam
533 2056 705 2117 fuisse
740 2055 1054 2137 procellam
1093 2078 1160 2117 ac
1203 2056 1584 2137 pertinaciter
1621 2056 1881 2131 durasse,
1920 2068 1988 2117 ut
2022 2059 2270 2119 subinde
2310 2078 2424 2118 no-

177 2152 285 2193 vae
331 2144 550 2193 mortes
597 2134 898 2193 instarent.
977 2130 1164 2193 Simul
1216 2133 1386 2192 etiam
1444 2131 1727 2207 declarat,
1774 2146 2012 2194 strenue
2060 2156 2195 2197 usos
2245 2135 2422 2195 fuisse

178 2208 454 2270 omnibus
491 2208 798 2283 remediis,
837 2230 986 2289 quae
1037 2209 1342 2289 naufragio
1389 2210 1611 2267 mederi
1648 2222 1921 2288 possent,
1972 2230 2082 2271 nec
2130 2212 2423 2271 mercibus

179 2285 273 2348 vel
309 2286 680 2345 armamentis
719 2286 1076 2364 pepercisse:
1123 2286 1281 2343 unde
1321 2285 1759 2364 cognoscimus,
1794 2284 1927 2345 vivo
1965 2287 2213 2365 periculi
2250 2308 2427 2347 sensu

179 2374 418 2424 coactos
466 2361 640 2420 fnisse
689 2360 760 2419 ad
812 2373 1083 2420 extrema.
1179 2361 1258 2418 Et
1301 2359 1489 2418 Lucas
1538 2359 1806 2433 subiicit,
1862 2363 2103 2420 tandem
2152 2363 2425 2424 omnibus

177 2437 418 2500 tentatis
459 2437 480 2495 i
523 2457 618 2497 sos
657 2435 731 2493 de
767 2457 868 2495 sua
906 2435 1093 2496 salute
1133 2434 1482 2515 desperasse.
1530 2435 1609 2493 Et
1644 2446 1805 2494 certe
1836 2435 2026 2528 caligo
2057 2438 2209 2498 coeli
2236 2439 2430 2500 cuius-

183 2514 314 2575 dam
350 2533 494 2593 sepu
519 2511 603 2572 cri
639 2512 822 2571 instar
859 2523 1014 2573 erat:
1053 2531 1164 2572 nec
1201 2511 1446 2571 dubium
1482 2523 1573 2571 est
1609 2511 1749 2591 quin
1774 2510 2065 2574 Dominus
2101 2513 2215 2575 hoc
2248 2517 2426 2576 modo

182 2590 547 2651 liberationis
583 2589 852 2669 gratiam,
887 2609 1036 2668 quae
1073 2588 1250 2668 paulo
1289 2598 1431 2668 post
1464 2607 1527 2646 se
1570 2599 1708 2648 unta
1748 2599 1868 2664 est,
1902 2591 2085 2672 magis
2126 2611 2428 2650 commen-

187 2667 326 2728 dare
375 2687 442 2727 ac
491 2664 812 2727 notabilem
860 2665 1107 2724 reddere
1156 2663 1431 2725 voluerit.
1554 2675 1753 2725 nterea
1800 2685 2027 2727 servum
2079 2687 2245 2727 suum
2296 2689 2429 2728 cum

186 2744 314 2806 aliis
351 2742 617 2804 laborare
655 2760 849 2822 passus
889 2754 1008 2812 est,
1058 2741 1250 2802 donec
1295 2762 1358 2802 se
1412 2752 1643 2820 putaret
1680 2742 1858 2800 morti
1899 2742 2212 2803 addictum.
2290 2744 2429 2804 Non

187 2820 344 2880 enim
381 2831 519 2880 ante
555 2817 642 2879 illi
681 2837 788 2898 per
823 2818 1094 2900 angelum
1143 2817 1442 2900 apparuit,
1490 2838 1657 2897 quam
1708 2817 1895 2878 videri
1940 2831 2139 2898 posset
2186 2819 2261 2881 de
2309 2821 2433 2880 eius

187 2901 305 2957 vita
341 2908 531 2959 actum
574 2915 726 2956 esse:
769 2915 945 2974 quare
983 2917 1106 2955 non
1143 2895 1324 2956 modo
1363 2894 1635 2954 iactatum
1668 2895 1829 2954 inter
1856 2895 2141 2975 procellas
2178 2897 2285 2958 fuit
2310 2898 2433 2957 eius

189 2995 439 3054 corpus,
497 2974 599 3034 sed
654 2973 841 3032 anima
889 2991 1130 3052 qnoque
1176 2973 1334 3033 duris
1399 2982 1459 3031 et
1504 2971 1777 3032 violentis
1832 2971 2256 3034 tentationibus
2323 2974 2435 3042 fuit

191 3071 487 3112 concussa.
561 3051 824 3110 Eventus
859 3061 1056 3110 tamen
1093 3049 1112 3108 i
1182 3067 1218 3109 e
1255 3047 1538 3124 ostendit,
1577 3049 1690 3109 fide
1726 3047 2047 3110 substitisse
2072 3070 2147 3109 ne
2177 3050 2435 3113 labasce-

190 3140 300 3188 ret.
375 3127 562 3188 anas
643 3127 838 3188 uidem
878 3148 997 3188 non
1039 3145 1104 3185 re
1132 3140 1224 3186 ert
1262 3127 1384 3186 eius
1474 3147 1665 3200 reces,
1714 3125 1819 3186 sed
1871 3125 2008 3206 quia
2053 3141 2259 3206 postea
2309 3132 2434 3210 ipse

191 3205 418 3276 recitat,
453 3223 604 3286 ange
629 3227 724 3266 um
743 3203 881 3278 Dei,
919 3202 1014 3263 cui
1029 3203 1340 3276 serviebat,
1379 3147 1488 3263 sibi
1528 3202 1703 3263 fuisse
1738 3201 1946 3278 visum,
1986 3204 2291 3284 probabile
2330 3217 2439 3285 est,

193 3281 330 3340 dum
370 3279 468 3339 alii
507 3279 680 3340 coelo
731 3269 812 3339 et‘
837 3292 1028 3339 terrae
1079 3278 1532 3352 maledicebant,
1578 3299 1705 3338 suas
1735 3298 1955 3370 ‘preces
2002 3299 2227 3342 sursum
2280 3283 2437 3343 dire·
2553 3335 2561 3346 .

193 3357 370 3430 risse,
413 3366 476 3415 et
511 3356 588 3416 ita
627 3355 888 3436 quietum
928 3355 1135 3433 fuisse,
1177 3367 1238 3414 et
1285 3355 1617 3436 composito
1658 3375 1851 3415 ammo
1901 3371 2257 3437 exspectasse
2298 3361 2439 3444 quid

193 3433 330 3492 Deo
371 3431 644 3512 placeret.
723 3431 906 3504 Quod
939 3443 1130 3492 autem
1171 3432 1316 3494 dicit
1359 3434 1606 3492 ablatam
1646 3431 1819 3491 fuisse
1857 3452 2017 3512 spem
2058 3436 2274 3514 salutis,
2315 3459 2436 3497 non

197 3509 379 3569 debet
417 3508 624 3568 referri
664 3508 733 3568 ad
775 3508 900 3568 eius
937 3525 1202 3582 sensum,
1253 3509 1356 3570 sed
1397 3521 1619 3569 tantum
1663 3509 1733 3568 ad
1773 3507 2013 3570 bumana
2064 3515 2281 3586 media,
2326 3515 2440 3574 acsi

196 3585 462 3668 dixisse,
487 3587 568 3646 ita
607 3605 698 3645 res
737 3583 912 3646 fuisse
949 3584 1240 3662 confusas,
1278 3597 1346 3645 ut
1384 3586 1713 3646 humanitus
1754 3586 1910 3646 nulla
1948 3589 2097 3650 salus
2136 3602 2425 3652 restaret..

447 3782 464 3798 .
510 3733 728 3819 Quum
771 3743 980 3797 autem
1021 3730 1220 3798 multa
1261 3733 1487 3798 fuisset
1527 3731 1760 3810 inedia,
1800 3745 1955 3800 tunc
1988 3749 2161 3800 stans
2203 3735 2441 3806 Paulus

197 3839 270 3902 in
311 3833 531 3903 medio
581 3855 800 3900 eorum
847 3832 1030 3910 dixit,
1084 3831 1453 3919 Oportebat
1504 3833 1791 3920 quidem,
1846 3857 1887 3900 o
1942 3838 2091 3912 viri,
2133 3838 2285 3903 mibi
2328 3839 2446 3907 ob-

201 3935 624 4024 temperando
678 3956 814 4004 non
867 3933 1124 4000 solvere
1178 3957 1212 3998 a
1258 3931 1487 4014 Creta,
1548 3955 1673 4000 nec
1718 3957 2048 4000 accersere
2102 3937 2296 4003 nobis
2349 3945 2445 4010 in-

199 4041 428 4106 iuriam
471 4039 639 4104 hanc
679 4047 744 4103 et
783 4040 1104 4101 iacturam.
1155 4037 1256 4101 22.
1291 4037 1375 4101 Et
1404 4057 1579 4102 nunc
1620 4037 1863 4110 hortor,
1902 4044 1974 4098 ut
2008 4033 2189 4102 bodo
2233 4043 2471 4110 animo·

203 4143 358 4207 sitis.
442 4141 691 4206 Iactura
743 4138 913 4203 enim
957 4139 1206 4204 animae
1257 4135 1437 4202 nulla
1482 4140 1601 4204 erit
1642 4159 1727 4202 ex·
1776 4133 1992 4212 vobiS‚
2043 4137 2160 4202 sed
2202 4149 2446 4212 tantum

205 4245 408 4311 navis.
491 4241 594 4312 23.
643 4243 862 4310 Astitit
904 4241 1072 4308 enim
1113 4239 1270 4307 mihi
1320 4239 1441 4306 bac
1488 4248 1681 4308 nocte
1732 4233 2017 4322 Angelus
2056 4234 2219 4321 Dei,
2270 4247 2449 4312 cuius
