2788 4713
391 310 510 377 196
1182 302 1272 366 m
1311 298 1539 367 ACTA
1576 297 1869 366 APOST.

397 448 631 511 deceat.
721 442 878 505 Nam
911 442 1030 506 vita
1075 440 1341 506 militaris
1393 450 1537 507 tunc
1586 438 2021 524 corruptissima
2081 452 2226 504 erat.
2320 438 2409 501 Ex
2506 440 2663 501 fisca

398 526 554 587 enim
597 521 903 614 disciplina
941 521 1000 581 in
1043 520 1278 581 foedam
1317 520 1613 583 licentiam
1655 520 2036 581 desciverant.
2110 520 2193 581 Et
2228 530 2425 579 tamen
2512 517 2663 597 piri-

397 612 492 665 tus
530 600 648 660 Dei
685 596 966 659 militibus
1004 596 1236 679 pietatis
1273 598 1672 659 testimonium
1712 596 1806 657 bie
1845 596 2058 656 reddit.
2140 595 2343 671 Quare
2383 612 2506 653 non
2546 605 2662 667 est,

395 690 468 739 ut
504 675 615 738 sibi
653 674 891 734 militiae
973 685 1232 734 raetextu
1269 674 1627 735 vacationem
1669 693 1703 733 a
1740 672 1997 733 colendo
2022 672 2157 731 Deo
2191 670 2516 753 postulent,
2556 670 2662 750 qui

397 754 470 816 ab
513 751 678 814 omui
714 694 1066 811 rectitugine
1107 750 1310 829 quovis
1346 750 1527 812 modo
1568 750 1853 810 immunes
1894 768 2017 809 esse
2058 759 2362 829 cuperent.
2442 746 2508 805 Si
2548 766 2662 805 ne-

441 840 542 890 ant
577 848 640 889 se
676 827 814 887 Deo
855 847 1030 907 posse
1068 824 1306 900 servire,
1347 827 1497 905 quia.
1520 826 1731 885 milites
1770 838 1928 901 sunt,
1970 826 2118 885 duos
2158 821 2551 885 istos'milites
2596 824 2663 884 in

399 851 497 968 §ie
535 902 746 965 ultimo
787 915 964 965 testes
1004 913 1063 962 et
1102 902 1322 961 iudices
1346 902 1596 965 idoneos
1636 901 1957 979 habebunt,
1995 924 2029 963 a
2053 900 2263 982 quibus
2284 900 2661 961 damnentur.

399 985 636 1043 Interea
687 981 1035 1043 damnantur
1071 990 1134 1039 et
1183 976 1509 1059 phrenetici
1572 978 1877 1055 homines,
1943 978 2043 1071 qui
2106 978 2270 1037 nefas
2310 976 2663 1037 Christianis

400 1079 527 1121 esse
589 1056 914 1130 clamitant,
973 1075 1130 1114 arma
1191 1067 1463 1135 gestare..
1535 1054 1826 1115 Pietatem
1878 1075 2033 1115 emm
2072 1053 2353 1115 colebant
2390 1052 2484 1113 isti
2522 1074 2664 1113 cum

397 1132 621 1209 militia,
661 1145 722 1196 et
749 1132 1048 1195 Christum
1084 1132 1374 1223 suscipien
1418 1152 1456 1191 o
1494 1131 1757 1213 priorem
1793 1131 2026 1191 vivendi
2066 1132 2354 1190 rationem
2392 1148 2517 1211 non
2558 1148 2663 1188 re·-

398 1212 697 1293 linquunt,
733 1229 889 1268 arma
927 1228 1048 1267 non
1087 1206 1368 1267 abiiciunt
1437 1210 1556 1269 uasi
1578 1208 1772 1282 noxia,
1808 1228 1921 1268 nec
1946 1206 2139 1268 ordini
2160 1215 2276 1267 suo'
2296 1204 2663 1265 renuntiant.

550 1291 607 1352 8.
686 1284 871 1361 Quod
909 1281 1080 1344 militi
1121 1295 1181 1343 et
1217 1282 1442 1345 famulis
1478 1283 1791 1346 Cornelius
1830 1284 2026 1345 omnia
2064 1286 2325 1364 exponit,
2367 1280 2482 1341 huc
2520 1293 2665 1341 ten·-

401 1364 515 1438 dit,
578 1373 645 1422 ut
681 1360 861 1443 magis
902 1380 1002 1421 eos
1043 1358 1266 1421 animet
1301 1359 1373 1421 ad
1415 1359 1868 1421 exhauriendum
1906 1360 2272 1433 mandatum,
2331 1357 2493 1439 quod
2532 1356 2663 1418 Dei

397 1440 596 1534 potius
646 1458 819 1518 quam
878 1435 1132 1496 bominis
1196 1456 1319 1497 esse
1379 1438 1603 1498 vident.
1706 1436 1876 1511 Quos
1936 1449 2129 1498 autem
2186 1435 2443 1517 ingenue
2490 1434 2664 1515 priua

365 1515 754 1586 ,instituerass
791 1532 894 1573 eos
931 1533 1055 1571 non
1096 1511 1324 1573 dubitat
1357 1526 1557 1574 tantae
1596 1512 1684 1574 rei
1722 1514 1928 1577 facere,
1954 1534 2113 1573 nunc
2152 1513 2441 1573 conscios·

549 1598 607 1657 9.
681 1586 975 1662 Pom-idio
1049 1611 1184 1648 uum
1219 1593 1330 1649 iter
1347 1591 1651 1673 facem.
1730 1590 1920 1649 Sicuti
1958 1588 2213 1650 narravit
2252 1588 2665 1665 Lucasfora-

399 1665 534 1729 culo
586 1666 946 1727 admonitum
1021 1666 1168 1726 uisse
1208 1664 1589 1759 Cornelium,
1654 1678 1721 1726 ut
1759 1666 2000 1726 Petrum
2037 1677 2308 1739 vocaret,
2358 1661 2439 1723 ita
2490 1684 2663 1729 nune

398 1765 436 1805 o
479 1744 730 1825 positam
778 1744 1064 1803 visionem
1124 1742 1339 1818 refert,
1399 1764 1514 1824 qua
1562 1742 1803 1802 nubetur
1845 1742 2058 1802 Petrus
2106 1740 2180 1801 ad
2242 1760 2375 1800 eum
2426 1738 2663 1801 venires

463 1820 580 1900 nde
605 1818 812 1879 clarius
837 1829 1096 1899 apparet,
1131 1830 1318 1879 totam
1355 1818 1509 1880 banc
1548 1839 1673 1880 rem
1700 1818 2027 1880 admirabili
2043 1817 2161 1878 Dei
2183 1815 2432 1878 consilio
2474 1816 2662 1877 fuisse

442 1897 818 1965 ubernatam,
877 1895 979 1975 qui
1021 1907 1080 1954 et
1121 1894 1467 1957 Cornelium
1506 1896 1578 1956 ad
1620 1896 1981 1956 docilitatem
2021 1915 2153 1955 com
2196 1904 2352 1967 arat,
2411 1892 2535 1953 imo
2576 1892 2660 1953 acl

397 1918 660 2035 §iscendi
696 1972 949 2032 studium
989 1983 1050 2049 et
1087 1970 1439 2032 desiderium
1478 1972 1747 2032 accendit
1786 1983 1849 2031 et
1882 1971 2131 2031 vicissim
2224 1981 2353 2030 etro
2394 1970 2660 2029 animum

397 2049 558 2123 facit,
594 2058 662 2108 ut
683 2047 1039 2108 voluntarius
1078 2048 1152 2108 sit
1187 2046 1260 2107 ad
1301 2047 1641 2108 obeundum
1680 2048 2198 2108 docendi‘munus.
2274 2046 2496 2105 Verum
2536 2066 2663 2107 no·-

397 2127 610 2187 tandae
647 2136 784 2183 sunt
821 2124 1284 2184 circumstantiae
1327 2124 1539 2204 quibus
1580 2123 1877 2184 historiam
1915 2123 2185 2185 illustrat.

549 2198 835 2261 Ascendit
855 2200 1059 2259 Pate-us
1093 2222 1269 2275 snper
1302 2214 1526 2274 tecuam,
1561 2214 1629 2258 ’us
1652 2203 1933 2275 pn‘natim
1964 2200 2122 2261 solus
2148 2212 2289 2260 ont.
2364 2200 2655 2281 Magnum

402 2277 560 2339 enim
601 2278 885 2338 orationis
919 2276 1319 2337 adiumentum
1361 2288 1451 2339 est
1486 2296 1771 2351 secessus,
1833 2278 1993 2356 quod
2045 2296 2121 2338 ne
2159 2298 2192 2338 a
2234 2275 2471 2337 Christo
2514 2277 2654 2356 qui-

401 2356 535 2416 dem
575 2355 1008 2429 omissum'est‚
1058 2366 1124 2414 ut
1161 2375 1325 2415 mens
1372 2354 1762 2416 avocamentis
1803 2354 2075 2416 omuibus
2114 2352 2303 2414 libera
2338 2351 2545 2412 melius
2584 2353 2655 2414 in

398 2433 590 2492 Deum
650 2433 876 2494 intenta
935 2431 1027 2491 sit.
1105 2423 1234 2492 Alia
1291 2435 1485 2492 'autem
1534 2431 1763 2492 Iudaeis
1821 2430 2217 2493 aedificiorum
2264 2429 2452 2490 forma
2500 2441 2652 2506 erat,

443 2531 574 2569 uam
595 2529 744 2590 quae
783 2507 956 2568 nobis
994 2507 1069 2568 sit
1107 2507 1168 2568 in
1208 2529 1339 2584 usu,
1380 2529 1516 2568 nam
1552 2506 1615 2568 in
1653 2508 1825 2570 tectis
1862 2505 2283 2568 ambulationes
2328 2505 2649 2580 habebant.

395 2531 583 2646 iiam
613 2598 788 2645 sema
845 2596 986 2644 tunc
1049 2596 1174 2646 erat
1235 2584 1525 2646 meridies.
1624 2585 1762 2646 Non
1815 2584 2057 2645 dubium
2106 2595 2331 2657 autem,
2394 2583 2537 2663 quin
2578 2603 2651 2644 ex

395 2683 565 2722 more
611 2673 754 2721 tunc
801 2681 864 2722 se
917 2661 986 2720 ad
1038 2661 1397 2740 precandum
1458 2661 1794 2723 contulerit.
1889 2661 2039 2721 Nam
2088 2661 2225 2740 quia
2270 2671 2465 2719 totum
2518 2658 2650 2719 fere

343 2769 346 2772 ⁴
397 2738 556 2798 diem
594 2736 964 2798 distrahimur
1011 2725 1182 2798 variis
1228 2737 1510 2820 negotiis,
1568 2759 1680 2798 nec
1734 2737 1863 2798 finis
1913 2749 2001 2798 est
2046 2735 2468 2810 tumultuandi,
2532 2735 2651 2815 nisi

393 2825 671 2894 tanquam
719 2815 937 2874 iniecto
991 2811 1164 2872 freno
1212 2834 1322 2874 nos
1359 2817 1711 2890 retinemus,
1756 2814 1901 2874 utile
1952 2825 2039 2873 est
2076 2825 2261 2874 certas
2311 2812 2485 2873 boras
2538 2813 2651 2872 ha-

396 2888 541 2949 bere
580 2889 852 2970 precibus
893 2889 1131 2949 dicatas:
1181 2909 1305 2949 non
1347 2890 1509 2969 quod
1550 2889 1708 2950 horis
1746 2890 1921 2951 simus
1962 2888 2209 2963 astricti,
2258 2890 2360 2949 sed
2398 2907 2477 2947 ne
2514 2909 2649 2948 me-

395 2964 585 3024 moria
621 2965 827 3023 effluat
865 2967 1075 3036 oratio,
1116 2983 1264 3043 quae
1297 2965 1568 3026 omnibns
1608 2967 1759 3027 curis
1800 2965 2057 3027 debebat
2094 2966 2259 3046 prior
2296 2985 2436 3025 esse.
2513 2965 2649 3024 De·-

321 3097 326 3102 .
394 3040 578 3120 nique
617 3038 771 3098 idem
795 3039 867 3100 de
907 3051 1066 3120 temp
1112 3059 1176 3098 re
1213 3040 1581 3100 sentiendum
1606 3053 1713 3118 est,
1752 3042 1910 3122 quod
1950 3043 2025 3102 de
2064 3041 2229 3103 loco:
2271 3061 2396 3102 esse
2418 3040 2650 3102 scilicet

391 3115 653 3176 remedia
726 3135 872 3195 quae
953 3126 1086 3174 nost
1119 3135 1188 3174 ae
1283 3115 1605 3176 infirmitati
1680 3119 2061 3179 subveniunt:
2154 3137 2302 3199 quae
2386 3118 2435 3178 si
2508 3130 2648 3200 apta

325 3227 332 3255 ι
393 3190 832 3327 ῒίδίᾶάιικεηιέιῑ
867 3190 1170 3272 Apostoli,
1209 3203 1432 3273 quanto
1482 3193 1793 3256 studiosius
1853 3216 1887 3256 a
1940 3196 2121 3280 pigris
2178 3206 2241 3256 et
2299 3194 2475 3257 lentis
2534 3215 2647 3258 co·-

418 3288 494 3328 en
535 3289 566 3328 a
604 3280 769 3328 sunt.
1021 3279 1032 3292 ·
1672 3285 1699 3314 ‘0

544 3349 637 3410 10.
712 3341 936 3404 Mentis
969 3363 1255 3406 excessus.
1348 3344 1508 3422 Quia
1558 3328 1783 3410 ment'es
1830 3345 2107 3409 babemus
2159 3349 2321 3440 quasi
2366 3347 2430 3408 in
2479 3358 2647 3410 terra

390 3419 723 3500 depressas,
769 3431 834 3481 ut
874 3441 1047 3499 capax
1085 3421 1306 3482 oraculi
1345 3434 1499 3483 esset
1536 3423 1775 3498 Petrus,
1836 3437 2093 3486 mentem
2134 3431 2257 3485 eius
2296 3423 2459 3505 quasi
2498 3423 2641 3485 loco

318 3498 613 3560 amoveri
655 3509 715 3556 et
749 3519 975 3559 sursum
1015 3497 1138 3578 rapi
1179 3501 1474 3579 oportuit:
1528 3509 1703 3593 atque
1757 3501 1871 3564 boc
1910 3502 2090 3561 modo
2129 3513 2508 3582 praeparatus
2549 3513 2643 3561 est

387 3573 460 3634 ad
497 3573 942 3709 ¹suscipiendum
995 3573 1328 3652 oraculum,
1393 3575 1531 3637 dum
1590 3577 1835 3640 nnsolito
1889 3577 2071 3640 modo
2134 3599 2308 3660 supra
2352 3577 2642 3638 mundum

387 3669 496 3710 eve
535 3661 669 3709 ltur.
1245 3697 1252 3704 .
2264 3669 2275 3688 v

537 3734 631 3790 11.
713 3723 873 3785 Coelo?
907 3729 1130 3801 apertio
1165 3727 1320 3789 alind
1359 3747 1493 3790 meo
1530 3727 1711 3792 mole·
1792 3728 1888 3790 bic
1922 3729 2239 3813 siguificat,
2290 3751 2466 3824 quam
2505 3751 2636 3814 cap.

383 3809 443 3872 7.
481 3808 575 3868 56.
651 3802 780 3862 Illic
840 3804 996 3862 enim
1057 3815 1323 3883 apertum
1365 3803 1670 3886 Stephano
1732 3805 1968 3867 coelum
2025 3807 2209 3868 fuisse
2258 3806 2505 3885 dlcitur‚
2568 3819 2643 3868 ut

385 3877 607 3940 Clu-isti
655 3879 900 3960 glo-riam
949 3899 1092 3940 cons
1136 3879 1348 3942 icen-etz
1408 3878 1503 3944 bic
1548 3880 1747 3942 Petro
1782 3882 2015 3946 coelum
2076 3895 2343 3945 nostrum
2396 3883 2641 3947 visibile

381 3955 568 4016 scindi
609 3957 858 4031 videtur,
899 3966 967 4015 ut
1003 3955 1063 4016 in
1110 3976 1143 4016 e
1181 3956 1425 4019 linteum
1458 3945 1649 4019 ’exest

528 4037 624 4096 12.
699 4032 769 4091 Si
803 4031 934 4112 quis
972 4045 1179 4116 roget,
1283 4035 1494 4096 ualitor
1538 4036 1839 4120 ingentem
1877 4035 2211 4099 animalium
2248 4036 2483 4098 turbam
2522 4057 2637 4130 po·

375 4108 557 4167 tuerit
615 4107 785 4168 simul
835 4108 1066 4185 videre,
1131 4109 1244 4170 faci
1272 4130 1303 4171 e
1351 4111 1601 4173 solvitur
1655 4118 1939 4193 quaestio.
2040 4113 2229 4175 Lucas
2278 4117 2437 4174 enim
2484 4114 2637 4175 ducit

372 4203 540 4243 omne
569 4205 784 4260 genus,
847 4188 983 4278 quia
1029 4187 1363 4266 promiscue
1404 4187 1523 4249 illic
1568 4188 1795 4250 diversa
1842 4210 2063 4274 genera
2112 4192 2393 4272 permixta
2442 4201 2631 4252 erant.

369 4257 508 4350 Nop
547 4261 729 4343 igitur
763 4263 969 4343 incipit
1001 4283 1036 4322 a
1085 4265 1269 4344 prima
1305 4263 1503 4344 specie
1540 4278 1607 4328 ut
1656 4286 1962 4327 numerum
2010 4279 2291 4349 sequatur
2328 4289 2394 4327 us
2481 4287 2516 4327 e
2555 4267 2633 4326 ad

364 4335 658 4428 ultumam:
697 4338 914 4400 deinde
972 4354 1350 4479 proslpectum
1415 4341 1568 4403 huuc
1630 4341 1887 4404 humano
1948 4363 2117 4406 more
2168 4365 2294 4405 non
2344 4344 2417 4403 de
2464 4363 2629 4404 emus

361 4421 584 4488 menn,
642 4416 776 4496 quia
825 4419 1056 4480 ecstasis
1137 4431 1278 4488 etro
1327 4417 1474 4484 alios
1526 4418 1729 4484 oculos
1766 4419 1961 4483 dabat.
2036 4421 2261 4485 Verum
2304 4431 2630 4502 autequam
