2788 4713
455 243 571 309 ιω
1227 200 1314 292 ni
1353 227 1581 296 ACTA
1612 226 1900 303 Anos‘r.

460 402 633 464 quam
677 377 804 441 vilis
848 376 928 438 sit
971 372 1274 456 permultis
1316 394 1421 437 sna
1454 372 1637 452 salus,
1692 374 1755 436 in
1804 374 1967 449 quim
2015 392 2158 438 cura
2198 372 2429 437 socium
2480 396 2557 439 ,e
2610 378 2719 439 ιρι-

457 460 704 540 iungere
739 456 898 515 Deus
936 472 1059 515 noo
1099 462 1386 533 gravatur.

624 657 723 725 28.
807 655 1135 723 Attendite
1179 656 1366 739 igitur
1406 650 1593 719 vobis
1650 662 1713 718 et
1757 664 1988 721 cuncto
2031 656 2237 743 gregi,
2291 658 2359 723 in
2405 678 2557 743 quo
2604 640 2748 723 vos*

461 763 732 850 Spiritus
789 772 1042 825 sanctus
1107 757 1323 842 posuit
1369 755 1727 839 Episcopus
1790 755 1871 821 ad
1936 758 2281 842 regendam
2340 758 2711 823 Ecclesiam

457 865 605 940 Dei,
648 882 837 947 quam
881 859 1208 943 acquisivit
1247 858 1555 939 sanguine
1596 875 1733 919 suo.
1812 856 1915 920 29.
1957 856 2099 941 Ego
2144 862 2313 923 enim
2356 858 2493 923 boc
2544 862 2711 932 novi,

465 962 642 1053 quod
685 954 1024 1045 ingressuri
1061 959 1186 1021 sint
1213 964 1360 1040 post
1398 954 1741 1019 discessum
1778 977 1985 1020 meum
2025 956 2159 1043 lupi
2202 976 2429 1041 graves
2466 961 2545 1025 in
2582 982 2711 1035 vos

461 1084 598 1133 non
650 1070 983 1147 parcentes
1035 1058 1226 1141 gregi.
1322 1056 1423 1119 30.
1486 1054 1568 1119 Et
1622 1077 1698 1118 ex
1751 1054 1939 1121 vobis
1992 1060 2145 1143 ipsis
2196 1072 2543 1144 emergent
2598 1063 2713 1125 viri

461 1166 802 1251 loquentes
837 1177 1158 1246 perversa,
1197 1166 1268 1221 nt
1308 1153 1633 1219 abducant
1668 1154 2015 1241 discipulos
2051 1166 2199 1244 post
2227 1180 2319 1222 se.
2396 1159 2509 1225 31.
2560 1162 2711 1225 Pro-

457 1266 604 1357 pter
654 1259 829 1349 quod
882 1255 1170 1343 vigilate,
1222 1275 1538 1320 memores
1590 1255 1766 1341 quod
1819 1276 1941 1341 per
1989 1258 2333 1323 'triennium
2386 1270 2603 1324 nocte
2656 1272 2709 1325 et

461 1364 570 1431 die
617 1382 750 1427 non
806 1359 1214 1435 cessaverim,
1275 1376 1419 1421 cum
1480 1353 1755 1419 lacrimis
1823 1376 2087 1421 monere
2154 1378 2707 1446 unumquemque.

459 1467 561 1531 32
601 1462 686 1525 Et
724 1478 896 1524 nunc
937 1452 1318 1522 commendo
1359 1476 1501 1531 vos,
1540 1455 1791 1531 fratres,
1830 1455 1988 1521 Deo
2028 1466 2093 1521 et
2132 1461 2421 1523 sermoni
2462 1464 2711 1545 gratiae

461 1563 689 1651 ipsiuS‚
736 1562 846 1655 qui
885 1566 1117 1643 potens
1162 1564 1258 1619 est
1295 1551 1767 1639 superstruere,
1816 1567 1881 1622 et
1922 1556 2077 1623 dare
2114 1556 2301 1623 vobis
2336 1556 2713 1626 baeredita-

463 1674 591 1729 tem
626 1662 800 1729 inter
839 1657 1270 1725 sanctificatos
1312 1676 1553 1722 omnes.

609 1822 704 1883 28.
789 1812 1085 1877 Attendite
1139 1814 1331 1888 igitur.
1418 1810 1591 1872 Nunc
1636 1830 1969 1873 sermonem
2021 1811 2090 1873 ad
2142 1832 2243 1874 eos
2292 1816 2709 1875 accommodat

463 1907 526 1957 et
563 1893 754 1954 multis
791 1892 1114 1953 rationibus
1154 1888 1427 1961 ostendit,
1464 1887 1666 1949 sedulo
1705 1889 2064 1971 vigilandum
2104 1886 2240 1970 ipsis
2280 1910 2436 1967 esse,
2492 1912 2615 1952 nec
2650 1913 2707 1951 se

461 1984 770 2051 tantopere
823 1988 944 2029 esse
989 1964 1335 2039 sollicitum,
1387 1964 1493 2023 nisi
1533 1964 1667 2043 quia
1704 1964 1788 2024 sic
1824 1963 2049 2047 flagitat
2089 1967 2414 2027 necessitas.
2510 1968 2705 2027 Prima

457 2050 610 2109 ratio
651 2057 768 2117 est,
808 2040 964 2124 quod
1006 2042 1169 2123 gregi
1208 2041 1298 2103 cui
1339 2039 1617 2120 praefecti
1656 2052 1790 2101 sunt
1830 2041 2162 2103 obstrictam
2204 2040 2462 2103 babeant
2498 2042 2703 2103 fidem:

463 2122 745 2194 secunda,
794 2119 953 2199 quod
1003 2138 1124 2177 non
1175 2116 1244 2177 ab
1293 2104 1528 2177 bomine
1566 2115 1829 2190 mortali,
1876 2118 1978 2177 sed
2018 2140 2049 2179 a
2090 2116 2131 2179 S
2178 2118 2313 2177 iritu
2348 2131 2563 2180 sancto
2604 2142 2701 2179 vo-

464 2197 579 2260 cati
619 2196 836 2256 suerint
881 2194 951 2256 ad
993 2194 1105 2253 boc
1147 2215 1380 2253 munus:
1431 2192 1632 2265 tertia,
1682 2192 1839 2271 quod
1888 2216 2011 2253 non
2061 2194 2308 2277 vagaris
2359 2196 2436 2255 sit
2488 2194 2701 2269 bonor,

459 2272 578 2335 Dei
615 2272 932 2332 Ecclesiam
971 2288 1200 2351 regere:
1242 2281 1475 2349 quarta,
1556 2267 1671 2328 uod
1712 2268 1918 2330 illustri
1956 2269 2307 2331 documento
2348 2283 2599 2331 testatus
2634 2274 2699 2331 sit

458 2350 771 2423 Dominus,
809 2369 925 2439 quo
968 2348 1024 2408 in
1069 2346 1258 2428 pretio
1298 2344 1509 2408 babeat
1572 2344 1883 2421 'cclesi‘am,
1921 2369 2097 2428 quum
2139 2344 2381 2428 proprio
2418 2349 2698 2432 sanguine
2753 2389 2754 2405 1

463 2449 591 2490 eam
641 2427 904 2486 redemit.
992 2421 1173 2500 Quod
1223 2423 1293 2484 ad
1344 2423 1593 2503 primum
1640 2433 1890 2502 spectat,
1942 2445 2060 2484 non
2108 2435 2335 2486 tantum
2384 2424 2557 2484 iubet
2604 2447 2695 2484 eos
2753 2481 2754 2486 ,

461 2503 630 2587 gregi
670 2500 1001 2575 attendere,
1047 2500 1147 2560 sed
1191 2500 1439 2580 primum
1475 2498 1585 2559 sibi
1624 2497 1785 2580 ipsis:
1839 2519 2029 2578 neque
2068 2499 2224 2567 enim
2264 2495 2513 2562 aliorum
2552 2501 2695 2562 salu-

461 2593 582 2642 tem
631 2578 833 2640 sedulo
885 2597 1138 2656 unquam
1187 2575 1445 2652 curabit,
1496 2574 1595 2654 qui
1642 2596 1806 2634 suum
1854 2575 2143 2658 negliget,
2189 2586 2249 2635 et
2298 2575 2509 2637 frustra
2560 2577 2699 2638 alios

461 2655 734 2718 incitabit
770 2653 839 2722 ad
879 2654 974 2734 pie
1012 2653 1352 2726 vivendum,
1406 2650 1504 2730 qui
1555 2647 1774 2711 nullum
1825 2652 1949 2731 ipse
2000 2651 2227 2733 pietatis
2266 2653 2525 2728 studium
2566 2673 2699 2735 prae

461 2756 528 2796 se
567 2733 750 2805 feret,
801 2730 920 2789 imo
961 2727 1128 2811 gregi
1163 2729 1417 2789 studium
1458 2745 1811 2808 operamque
1847 2748 2005 2788 suam
2046 2748 2170 2788 non
2219 2728 2555 2808 impendet,
2604 2729 2700 2810 qui

463 2810 553 2876 sui
593 2806 972 2880 obliviscitur,
1011 2826 1186 2939 quum
1226 2804 1300 2864 sit
1336 2804 1458 2883 ipse
1499 2824 1628 2884 pars
1667 2803 1879 2938 giregis.
1956 2805 2116 2886 Ergo
2155 2816 2221 2864 ut
2260 2805 2330 2864 de
2370 2825 2557 2898 grege
2592 2805 2699 2867 sibi

466 2885 771 2949 commisso
812 2883 927 2945 sint
964 2903 1028 2942 so
1056 2880 1220 2956 liciti,
1257 2879 1534 2941 admonet
1570 2879 1691 2938 Pau
1720 2901 1802 2954 us,
1839 2891 1905 2938 ut
1943 2881 2205 2959 privatim
2244 2879 2458 2962 singuli
2498 2903 2559 2942 m
2591 2883 2699 2941 Dei

465 2963 676 3024 timore
714 2978 775 3019 se
817 2959 1178 3020 contineant:
1219 2955 1302 3017 sic
1342 2957 1496 3018 enim
1536 2955 1789 3018 futurum
1830 2967 1977 3032 erat,
2016 2969 2081 3016 ut
2116 2957 2289 3016 fidem
2324 2957 2493 3050 gregi
2532 2959 2697 3019 debi-

463 3049 582 3098 tam
624 3034 1038 3118 persolverent.
1113 3031 1372 3110 Diximus
1422 3031 1577 3092 enim
1615 3031 1858 3091 Paulum
1906 3053 1938 3091 a
1989 3034 2297 3094 vocatione
2344 3035 2697 3106 ratiocinari,

508 3112 625 3172 uod
664 3109 953 3170 Ecclesiae
991 3109 1139 3183 Dei,
1187 3108 1280 3168 cui
1321 3117 1622 3188 praesunt,
1672 3107 1896 3168 addicta
1944 3108 2022 3167 sit
2070 3127 2275 3168 eorum
2312 3129 2521 3188 opera,
2585 3111 2695 3171 acsi

465 3135 715 3263 giceret,
761 3187 846 3246 Ex
885 3207 1004 3268 quo
1045 3182 1222 3245 creati
1261 3196 1397 3244 sunt
1432 3183 1734 3261 Pastor-es,
1770 3205 1895 3244 non
1934 3203 2057 3244 esse
2095 3183 2185 3245 sui
2225 3185 2393 3262 iuris,
2437 3184 2545 3246 sed
2590 3209 2695 3266 pu·

464 3261 616 3328 blice
655 3276 865 3324 cuncto
905 3261 1072 3344 gregi
1112 3260 1416 3342 obligatos.

615 3341 868 3418 Spiritus
901 3353 1130 3398 sonem
1156 3339 1352 3414 pomi*
1385 3337 1693 3412 episcopos.
1778 3333 1915 3416 Ipso
1954 3336 2191 3398 nomine
2227 3337 2506 3397 admonet
2539 3337 2693 3398 velut

465 3416 526 3480 io
565 3415 796 3500 specula
831 3415 1058 3479 locatos
1098 3434 1251 3487 esse,
1303 3414 1457 3472 unde
1507 3432 1615 3491 pro
1665 3414 1958 3473 communi
1998 3414 2256 3474 omnium
2304 3413 2487 3474 salute
2528 3433 2691 3474 exca-

467 3493 591 3556 bias
626 3505 828 3576 agant,
877 3491 980 3552 sed
1022 3491 1326 3570 praecipue
1367 3489 1429 3548 in
1468 3487 1580 3548 boc
1619 3488 1828 3550 insistit
1863 3489 2095 3564 Paulus,
2134 3490 2291 3570 quod
2332 3509 2455 3549 non
2496 3487 2690 3550 buma-

465 3572 623 3644 ni'tus
674 3567 922 3631 ordinati
973 3569 1120 3642 sint,
1180 3565 1281 3625 sed
1331 3563 1445 3624 illis
1492 3585 1525 3626 a
1573 3564 1705 3625 Deo
1756 3563 2019 3626 mandata
2068 3566 2147 3632 sit
2197 3562 2494 3626 Ecclesiae
2543 3587 2689 3626 cura.

471 3647 611 3782 quo
651 3643 834 3706 maior
883 3643 953 3702 ab
1005 3641 1114 3702 illis
1156 3643 1399 3723 exigitur
1446 3641 1548 3701 reli
1593 3641 1686 3714 io,
1720 3642 1869 3721 'quia
1919 3640 2163 3702 difficilis
2212 3641 2365 3722 apud
2412 3661 2689 3702 summum

466 3723 609 3785 ilud
646 3718 897 3780 tribunal
939 3717 1128 3781 sutura
1166 3721 1242 3779 sit
1278 3719 1446 3778 ratio.
1570 3738 1657 3776 am
1700 3737 1815 3794 quo
1857 3717 2241 3798 praestantior
2280 3729 2367 3778 est
2406 3719 2531 3778 eius
2570 3719 2689 3777 Do-

467 3799 609 3859 mini
648 3796 742 3857 cui
779 3795 1055 3856 servimus
1087 3795 1372 3878 dignitas,
1421 3793 1756 3853 naturaliter
1794 3792 1920 3872 plus
1960 3793 2045 3853 illi
2082 3794 2443 3854 reverentiae
2481 3794 2689 3854 deferi-

467 3897 622 3945 mus:
671 3873 790 3952 ipsa
831 3884 1020 3932 autem
1071 3870 1394 3932 reverentia
1440 3871 1690 3930 studium
1732 3882 1993 3930 nostrum
2030 3866 2200 3930 acuit.
2278 3869 2469 3932 Porro
2512 3893 2685 3963 quao-

469 3963 640 4032 q‘uam
680 3949 749 4010 ab
791 3949 957 4009 initio
999 3948 1134 4030 eligi
1173 3945 1469 4007 bominum
1510 3945 1795 4038 suffragiis
1832 3942 2017 4006 voluit
2050 3947 2334 4006 Dominus
2366 3947 2550 4008 Verbi
2592 3949 2689 4006 mi-

465 4029 711 4102 nistros,
764 4025 1026 4108 regimen
1079 4022 1447 4083 nibilominus
1484 4018 1795 4102 Ecclesiae,
1828 4041 2056 4102 semper
2094 4021 2205 4084 sibi
2242 4021 2531 4098 vindicat,
2578 4045 2689 4084 non

467 4101 645 4166 modo
686 4113 752 4161 ut
789 4101 973 4181 ipsum
1012 4119 1383 4179 agnoscamus
1423 4097 1651 4158 unicum
1695 4096 1816 4158 eius
1853 4094 2214 4178 Praesidem,
2260 4099 2360 4158 sed
2411 4101 2584 4160 etiam
2630 4110 2691 4158 ut

467 4181 708 4239 sciamus
775 4169 1308 4253 incomparabilem·
1341 4171 1535 4234 salutis
1588 4174 1919 4250 thes-‘aurum
1976 4173 2211 4234 nonnisi
2256 4175 2328 4234 ab
2378 4173 2509 4258 ipso
2561 4197 2693 4263 pro-

469 4251 608 4316 dire.
681 4247 1004 4316 Fraudator
1052 4248 1207 4310 enim
1257 4269 1357 4308 sua
1393 4248 1610 4331 gloria,
1654 4249 1701 4308 si
1740 4249 1829 4309 vel
1872 4248 2114 4310 fortuito
2157 4272 2323 4326 casu,
2373 4251 2469 4316 vet
2508 4253 2689 4317 lioni-

467 4333 605 4388 num
653 4327 930 4403 arbitrio,
979 4324 1073 4388 vel
1118 4323 1397 4389 industria
1446 4325 2129 4409 putamus‘Evangelium
2178 4327 2249 4388 ad
2296 4347 2409 4388 nos
2456 4316 2689 4392 mni.
