2788 4713
1199 264 1479 330 CAPUT
1517 265 1588 329 Χ.
2309 216 2319 226 .
2399 276 2518 341 215
2599 276 2606 283 ’

408 416 507 479 4¹7.
587 405 915 485 Respa&
949 406 1181 469 Pon-us.
1258 408 1672 471 Ratiocinatur
1707 408 1920 475 Petrus
1965 430 2002 475 a
2036 431 2104 475 re
2141 413 2213 478 ad
2260 414 2515 509 signum.

244 489 403 549 Nam
444 509 629 567 quum
665 484 997 567 Baptismus
1035 484 1347 565 spiritualis
1384 487 1464 548 sit
1495 488 1720 569 gratiae
1757 486 2064 569 appendix,
2101 491 2204 572 qui
2227 492 2514 572 Spiritum

247 564 523 657 accepit,
560 562 731 625 simul
768 563 837 623 ad
877 560 1240 643 Baptismum
1278 562 1684 643 recipiendum
1735 575 1826 625 est
1874 564 2151 630 idoneus:
2197 581 2377 649 atque
2417 570 2514 632 bic

244 640 553 735 legitimus
592 650 681 701 est
716 638 901 712 ordo,
949 650 1052 716 ut,
1093 658 1241 719 quos
1279 637 1444 701 Deus
1483 639 1736 720 Spiritus
1774 640 1863 701 sui
1900 652 2120 704 tessera
2155 665 2225 706 ae
2304 646 2516 729 ignore

248 718 411 778 filios
450 738 585 779 suos
623 734 749 777 esse
786 726 1029 777 testatus
1068 725 1178 790 est,
1213 714 1485 776 minister
1520 716 1592 775 ad
1633 728 1934 778 externum
1973 718 2204 799 siguum
2228 667 2514 784 admittat.

252 794 351 855 Ita
390 795 615 885 priores
666 800 861 871 partes
898 802 1067 853 tenet
1114 788 1389 853 'doctrina
1428 804 1492 853 et
1527 792 1690 853 fides.
1791 793 1976 868 Quod
2029 806 2224 857 autem
2283 799 2514 861 indocti

249 867 527 934 hommes
562 870 702 930 iude
738 868 1027 942 inferunt,
1065 867 1353 931 arcendos
1392 888 1518 931 esse
1555 890 1592 931 a
1624 868 1711 929 Ba
1753 870 1928 931 tismo
1965 870 2242 947 infantes,
2278 875 2514 937 ratione

253 968 495 1027 prorsus
520 958 695 1007 caret.
773 944 997 1007 Fateor
1019 942 1321 1007 docendos
1344 964 1492 1020 csse,
1533 944 1634 1027 qui
1765 945 2030 1009 Ecclesia
2065 960 2204 1009 sunt
2237 950 2517 1027 extranei,

300 1024 590 1105 riusquam
639 1020 753 1083 illis
805 1020 1151 1082 conferatur
1197 1020 1531 1102 adoptionis
1581 1021 1936 1102 symbolum:
1997 1022 2099 1085 sed
2137 1024 2398 1085 fidelium
2437 1024 2515 1087 li-

298 1120 465 1172 eros,
524 1100 627 1193 qui
672 1099 735 1159 in
772 1097 1037 1159 Ecclesia
1075 1109 1422 1173 nascuntur,
1482 1098 1620 1158 dico
1659 1096 1732 1159 ab
1771 1106 1966 1161 utero'
1998 1118 2124 1161 esse
2161 1100 2515 1165 domesticos

251 1176 424 1260 regui
442 1176 577 1237 Der.
631 1172 766 1237 Imo
804 1184 1237 1257 argumentum,
1276 1194 1399 1254 quo
1437 1175 1548 1267 ipsi
1586 1185 1967 1256 praepostere
2001 1196 2114 1237 nos
2143 1190 2514 1260 oppugnant,

246 1253 315 1313 in
356 1272 459 1313 eos
496 1262 843 1332 retorqueo.
920 1251 1067 1313 Nam
1151 1271 1289 1310 uum
1328 1248 1586 1311 fidelium
1625 1250 2215 1333 liberos,1antequam
2263 1276 2511 1317 nascan-

242 1340 371 1405 tur,
410 1328 575 1391 Deus
612 1324 1003 1411 adoptaverit,
1040 1328 1101 1387 in
1148 1345 1181 1385 e
1219 1326 1543 1401 constituo,
1579 1326 1822 1388 minime
1861 1340 2102 1389 externo
2140 1329 2310 1412 siguo
2347 1330 2512 1393 frau-

241 1404 474 1467 dandos
512 1424 657 1467 esse.
750 1404 997 1484 Alioqui
1042 1402 1157 1465 illis
1208 1403 1442 1483 eripere
1489 1404 1756 1465 homines
1803 1405 2107 1466 audebunt
2136 1404 2310 1487 ‚quod
2347 1407 2514 1489 Deus

240 1482 555 1545 concessit.
634 1480 941 1557 Quantum
980 1480 1053 1541 ad
1090 1476 1459 1541 manifestam
1478 1480 1733 1561 Spiritus
1771 1481 2018 1563 gratiam
2045 1494 2292 1563 spectat,
2328 1484 2393 1543 in
2431 1502 2508 1546 eo

240 1557 397 1617 nibil
417 1556 653 1619 absurdi
678 1569 787 1632 est,
805 1554 867 1619 si
878 1568 1150 1637 tempore
1172 1554 1531 1636 Baptismum
1553 1556 1742 1618 inillis
1763 1557 2166 1638 subsequatur.
2207 1558 2511 1634 Quemad-

239 1634 490 1695 modum
530 1644 724 1696 autem
764 1632 1001 1695 illorum
1033 1632 1222 1694 errori
1258 1632 1503 1692 minime
1539 1631 1895 1716 suffragatur
1931 1634 2046 1695 boc
2082 1636 2510 1713 testimonium,

240 1710 327 1771 ita
366 1711 733 1791 Papistarum
768 1709 1249 1791 superstitionem
1286 1707 1478 1769 valide
1517 1709 1763 1786 refellit,
1855 1711 1915 1769 ui
1955 1710 2206 1791 Spiritus
2261 1712 2507 1796 gratiam

243 1787 429 1871 signis
466 1786 710 1869 alligant
746 1806 875 1847 eam
918 1805 995 1847 ue
1042 1786 1377 1876 exorcismis
1424 1806 1561 1876 uon·
1601 1804 1768 1847 secus
1804 1731 1943 1847 aiei
1987 1798 2198 1868 putant
2236 1809 2272 1850 e
2309 1789 2509 1866 coelo,

292 1886 424 1923 uam
474 1864 619 1943 olim
668 1882 841 1947 sagae
930 1883 1102 1924 unam
1152 1884 1271 1923 suis
1319 1861 1673 1924 carminibus
1727 1860 2036 1923 detrahere
2085 1884 2150 1925 se
2200 1864 2505 1945 putabant.

240 1886 1121 2098 {exsufflasse
1144 1938 1658 2097 §.sitisses
1696 1937 2508 2097 sssfssfflezassi

240 2094 385 2156 sum*
414 2113 539 2155 esse
577 2092 855 2155 ostendit.
933 2089 1383 2155 Observandum
1433 2103 1523 2153 est
1613 2103 1904 2168 ostremo,
1963 2092 2088 2156 sola
2137 2114 2287 2175 aqua
2328 2094 2506 2156 fuisse

240 2181 558 2233 contentos
597 2168 919 2262 Apostolos
968 2167 1043 2229 ad
1093 2167 1518 2229 conferendum
1621 2170 1948 2251 aptismum.
2031 2169 2230 2250 Atque
2279 2171 2505 2233 utinam

243 2247 389 2309 baec
436 2247 779 2328 simplicitas
829 2266 860 2306 a
909 2243 1159 2325 posteris
1220 2256 1454 2305 retenta
1513 2257 1696 2319 esset,
1758 2266 1951 2329 neque
2000 2246 2214 2307 ascitae
2261 2246 2509 2308 fuissent

240 2323 385 2386 binc
432 2324 575 2386 inde
621 2334 719 2387 tot
764 2341 986 2406 nugae,
1043 2320 1257 2404 quibus
1302 2320 1557 2382 refertus
1609 2332 1698 2383 est
1753 2320 2082 2413 Baptismus
2131 2323 2194 2382 in
2258 2322 2504 2403 Papatu.

246 2401 431 2476 Oleo,
466 2399 609 2476 sale,
644 2412 843 2483 sputo,
883 2418 1058 2462 cereo
1100 2397 1299 2458 ornari
1336 2408 1550 2478 putant
1581 2397 1870 2478 Baptismr
1911 2398 2282 2480 dignitatem,
2363 2419 2503 2460 uum

246 2478 655 2615 pottiittnstfoeda
692 2479 811 2540 sint
844 2475 1316 2610 inquinatmenta,
1362 2493 1512 2556 quae
1561 2495 1766 2556 puram
1805 2495 1874 2536 ac
1923 2473 2237 2557 genuinam
2279 2475 2331 2538 C
2373 2475 2502 2538 risti

245 2575 337 2614 nus
410 2579 447 2614 u
476 2573 670 2615 nonem
711 2574 947 2614 corrum
993 2573 1072 2610 un

404 2635 499 2696 48.
570 2629 857 2710 lusitque
906 2573 1005 2688 «Συ
1060 2625 1368 2703 baptism-i.
1470 2625 1612 2687 Nou
1661 2645 1904 2688 necesse
1952 2625 2064 2688 fuit
2110 2625 2502 2690 administrari

246 2707 609 2789 Baptismum
646 2706 812 2768 Petri
850 2723 1049 2780 manu,
1086 2701 1580 2784 quemadmodum
1619 2713 1682 2764 et
1701 2702 1917 2764 Paulus
1955 2714 2202 2765 testatur
2225 2703 2504 2766 Corinthi

244 2804 310 2847 se
350 2805 571 2866 paucos
606 2783 955 2865 baptizasse:
1003 2791 1280 2862 poterant
1326 2777 1484 2839 enim
1524 2778 1622 2840 alii
1657 2779 1906 2840 ministri
1952 2779 2052 2841 bas
2087 2791 2284 2862 partes
2319 2781 2502 2842 susci-

288 2881 407 2922 ere.
492 2861 681 2938 Quod
719 2860 889 2933 dicit,
946 2861 1013 2917 iu
1045 2859 1275 2916 neurim
1310 2853 1589 2930 Domini,
1652 2854 1726 2916 ad
1772 2855 2023 2917 formam
2061 2857 2336 2938 restringi
2376 2877 2502 2917 non

241 2883 454 3016 sehet,
510 2939 684 3000 sicuti
744 2937 929 2998 tertio
992 2933 1182 3015 capite
1230 2931 1507 3008 diximus,
1563 2931 1666 2994 sed
1715 2931 1852 3013 quia
1949 2933 2181 3013 roprius
2218 2931 2300 2992 Ba
2346 2933 2502 2994 tismi

238 3037 457 3097 scopus
497 3027 587 3076 est
608 3014 899 3090 Christus,
936 3011 1073 3073 ideo
1114 3009 1361 3070 dicimur
1398 3009 1462 3069 in
1503 3010 1628 3070 eius
1665 3027 1886 3070 nomen
1955 3009 2217 3090 aptizari.
2361 3031 2500 3070 uum

240 3103 551 3176 postremo
576 3091 734 3154 dicit
769 3089 979 3164 Lucas,
1016 3087 1258 3150 Petrum
1288 3107 1321 3147 a
1343 3083 1630 3148 Cornelio
1671 3084 1910 3168 eiusque
1933 3085 2196 3169 cognatis
2231 3101 2501 3164 rogatum

240 3179 527 3306 3312?
562 3179 830 3304 {2¹:35¹
866 3161 2045 3320 ³22}ssffisslffffznttssfidsstfflffl‘ffi
2080 3163 2498 3318 ³5¹01⁵2¹¹issa⁰1333

236 3331 529 3384 venerant
575 3321 648 3382 ad
699 3263 1016 3394 sumqgum,
1076 3318 1219 3400 quin
1276 3316 1466 3378 adbuc
1525 3327 1612 3376 uti
1635 3316 1681 3376 is
1737 3281 1888 3376 essei
1946 3312 2062 3376 illis
2111 3315 2497 3376 confirmatio.

238 3399 465 3461 Eorum
494 3415 734 3478 quoque
774 3394 1062 3476 exemplo,
1100 3393 1331 3474 quotics
1368 3389 1545 3454 nobis
1584 3389 1885 3473 profectus
1923 3390 2155 3452 occasio
2193 3411 2256 3454 se
2294 3389 2498 3466 offert,

240 3495 313 3537 ea
348 3474 558 3538 sedulo
596 3471 883 3536 utendum
904 3482 1021 3536 est:
1059 3488 1256 3554 neque
1292 3469 1456 3532 factu
1490 3479 1850 3554 turgeamus,
1885 3467 1988 3552 qui
2023 3465 2346 3554 ingressum
2385 3465 2496 3530 ob-

234 3563 423 3616 struat
458 3549 780 3635 doctrinae.

932 3814 1530 3934 CAPUT
1645 3841 1784 3932 xl.

411 4085 473 4154 1.
557 4077 927 4158 Audiet-unt
970 4089 1181 4148 autem
1224 4079 1526 4172 Apostoli
1579 4091 1644 4150 et
1697 4081 1956 4158 fratres,
1997 4079 2108 4168 qui
2149 4075 2216 4140 in
2259 4067 2500 4137 Iudaea

238 4198 454 4267 erant,
505 4181 691 4274 quod
733 4191 961 4270 gentes
997 4201 1269 4271 quoque
1314 4179 1650 4270 amplexae
1699 4189 1916 4249 essent
1953 4193 2314 4245 sennonem
2335 4170 2496 4256 Dei:

234 4289 301 4353 2.
360 4288 451 4354 Et
502 4283 623 4352 ubi
664 4283 956 4352 ascendit
995 4284 1225 4351 Petrus
1265 4283 1816 4370 Hierosolymam,
1865 4273 2312 4364 disceptabant
2353 4293 2497 4339 cum

246 4409 369 4485 eo,
417 4387 531 4476 qui
585 4397 773 4458 erant
834 4407 915 4454 ex
970 4386 1488 4463 cirumcisionis,
1546 4384 1608 4448 8.
1649 4381 1996 4446 ‘Dicentesz
2049 4375 2158 4448 'ru
2200 4373 2286 4442 ad
2324 4375 2498 4439 viros
