2788 4713
386 230 499 293 112
1196 220 1285 282 IN
1321 219 1550 283 ACTA
1585 217 1878 283 APOST.

384 368 729 432 inchoatum
762 365 1091 429 aedificium
1138 366 1393 457 turpiter
1441 365 1712 427 deserere
1749 382 2050 447 cogamur.
2121 362 2248 425 Etsi
2285 374 2484 425 autem
2519 362 2644 425 hoc

389 446 451 509 in
476 444 769 505 Abraham
793 444 908 503 fuit
936 440 1252 525 singulare,
1292 443 1453 523 quod
1491 444 1674 503 iussus
1714 452 1801 501 est
1841 461 1874 501 e
1912 439 2098 520 patria
2135 441 2364 523 egredi,
2401 452 2464 501 et
2499 462 2644 522 pro-

386 522 564 583 ficisci
601 522 663 581 iri
701 533 917 580 terram
954 516 1362 600 longinquam,
1401 519 1562 610 quod
1599 518 1763 578 Deus
1801 515 1916 579 buc
1954 515 2092 577 illuc
2133 536 2267 577 eum
2307 518 2646 579 circu-dn-

387 600 499 673 xit,
548 610 639 657 est
674 609 868 657 tamen
908 596 968 655 in
1010 595 1097 657 his
1136 596 1329 655 verbis
1366 594 1573 674 aliquis
1613 606 1846 657 nostrae
1886 594 2150 654 omnium
2188 594 2508 655 vocationis
2545 606 2646 674 ty-

386 698 511 756 pus.
558 674 697 733 Non
718 672 989 733 iubemur
1008 672 1345 752 simpliciter
1368 691 1573 731 omnes
1597 669 1930 749 relinquere
1947 670 2224 761 patriam,
2244 671 2346 731 sed
2365 670 2646 731 iubemur

388 772 501 815 nos
518 750 839 832 abnegare:
865 768 989 810 non
1006 748 1277 812 iubemur
1336 759 1538 807 aterna
1563 747 1740 805 domo
1762 745 1986 828 egredi,
2011 745 2114 805 sed
2133 748 2404 838 propriae
2426 746 2643 807 volun-

386 828 493 891 tati
546 838 607 887 et
654 825 843 887 carnis
892 838 1125 885 nostrae
1164 823 1284 885 desi
1330 824 1462 883 eriis
1499 822 1842 884 valedicere.
1916 822 2179 897 Deinde,
2227 846 2276 883 si
2315 822 2486 885 nobis
2528 824 2646 884 ob·-

388 914 545 965 stant
581 923 658 963 ne
696 902 889 962 Deum
928 922 1269 981 sequamur,
1360 911 1486 961 ater
1535 912 1597 961 et
1632 910 1852 973 mater,
1892 920 2040 959 uxor
2089 910 2152 959 et
2186 899 2388 974 liberi,
2443 900 2644 960 omni-

389 980 496 1041 bus
522 978 973 1039 renuntiandum
1000 988 1101 1037 est.
1162 975 1325 1037 Abra
1366 996 1437 1038 ae
1473 975 1716 1057 simplex
1750 976 2038 1057 migrandi
2078 976 2246 1038 datur
2283 977 2640 1053 mandatum,

386 1056 491 1119 sed
528 1055 703 1117 nobis
739 1054 845 1117 sub
886 1054 1225 1114 conditione
1260 1052 1422 1114 idem
1459 1054 1831 1134 praecipitur.
1891 1050 2042 1112 Nam
2079 1052 2264 1113 sicubi
2302 1074 2425 1117 non
2466 1052 2644 1114 liceat

386 1132 605 1197 servire
639 1132 807 1204 Deo,
854 1128 1189 1211 eligendum
1233 1131 1433 1209 potius
1481 1129 1742 1190 exsilium
1794 1149 1966 1210 quam
2018 1140 2085 1189 ut
2124 1130 2276 1211 pigri
2314 1141 2375 1190 et
2413 1130 2642 1191 desides

388 1210 453 1271 in
500 1208 640 1269 nido
694 1226 1042 1267 maneamus.
1140 1207 1225 1265 Er
1268 1228 1303 1268 ο
1354 1207 1431 1267 sit
1472 1206 1650 1267 {nobis
1697 1205 1967 1267 Abrahae
2025 1204 2350 1286 exemplum
2405 1226 2643 1287 semper

328 1326 339 1341 .
388 1297 523 1347 ante
562 1282 790 1345 oculosz
839 1283 1017 1343 Pater
1054 1293 1143 1343 est
1178 1282 1215 1341 fi
1260 1282 1434 1343 elium
1473 1282 1675 1361 (Rom.
1713 1289 1772 1356 4,
1809 1288 1902 1347 16.
1943 1282 2101 1359 17.)‚
2151 1294 2408 1345 tentatus
2449 1282 2639 1343 modis

390 1360 690 1435 omnibus,
728 1358 948 1439 patriae
987 1370 1215 1434 tamen,
1266 1382 1538 1433 suorum,
1587 1360 1793 1439 suique
1831 1357 2206 1419 obliviscitur
2245 1371 2311 1419 ut
2343 1378 2408 1419 se
2445 1370 2639 1419 totum

388 1436 525 1504 Deo
577 1434 821 1497 addicat.
896 1435 1023 1496 Nos
1068 1435 1119 1497 si
1156 1435 1275 1497 Dei
1324 1436 1431 1497 filii
1469 1435 1694 1499 censeri
1739 1433 2038 1513 volumus,
2085 1434 2158 1495 ab
2199 1455 2274 1497 eo
2314 1435 2640 1517 degeneres

392 1532 515 1574 esse
547 1523 1177 1680 ὃᾙῗοῗιίξωυαυ.
1250 1558 1596 1681 Notandum·
1628 1598 1718 1651 est
1755 1589 1914 1680 qnod
1933 1587 2116 1680 ‘prius
2153 1588 2353 1680 attigi,
2390 1608 2638 1669 suspen-

388 1687 517 1731 sum
553 1675 745 1730 teneri
779 1664 1073 1727 Abrabam
1114 1677 1179 1725 ut
1218 1664 1506 1747 probetur
1543 1687 1666 1727 eius
1703 1679 2000 1749 pauentia.
2057 1666 2260 1759 Atque
2297 1666 2358 1725 1d
2397 1686 2518 1745 quo
2563 1684 2640 1725 ue

390 1746 452 1806 in
492 1761 659 1801 usum
696 1752 961 1803 nostrum
1009 1743 1325 1804 transferre
1374 1744 1580 1816 decet,
1629 1754 1694 1801 ut
1743 1743 2029 1804 discamus
2075 1753 2190 1803 toti
2227 1764 2260 1801 a
2297 1742 2481 1805 verbo
2585 1742 2640 1803 ei

434 1816 668 1881 endere.
744 1818 824 1877 Et
868 1838 1005 1879 saue
1056 1818 1169 1879 boc
1222 1820 1598 1899 praecipuum
1653 1818 1790 1879 fidei
1829 1818 2162 1879 exercitium
2201 1830 2290 1879 est
2335 1816 2640 1879 confidere

388 1845 547 1969 Beo,
600 1896 772 1955 etiam
832 1894 933 1955 ubi
992 1896 1135 1955 nihil
1197 1894 1504 1956 cernimus.
1583 1894 1879 1956 Ostendet
1934 1895 2168 1975 quidem
2227 1915 2398 1975 saepe
2463 1894 2640 1957 nobis

391 1976 553 2035 Deus
590 1984 841 2063 terram,
890 1970 977 2063 in·
1008 1994 1119 2053 qna
1172 1971 1532 2033 domicilium
1571 1969 1742 2032 nobis
1783 1972 2086 2046 concedit,
2125 1971 2226 2033 sed
2265 1984 2458 2033 tamen
2541 1972 2638 2033 uia

388 2070 690 2187 messa:
722 2070 920 2215 {¹3¹¹ss
933 2048 1288 2203 :zzezxffla
1321 2048 2556 2261 attestata?tartara&
2573 2068 2642 2184 Z}

388 2203 605 2265 similes
662 2212 909 2261 mortuis
968 2220 1265 2281 speramus
1312 2201 1556 2261 salutem
1617 2222 1677 2259 m
1731 2199 1902 2261 coelo
1967 2200 2380 2261 absconditam.
2555 2222 2638 2285 go

391 2292 674 2362 quantum
698 2277 769 2338 ad
793 2289 1134 2360 perpetuam
1160 2276 1582 2338 habitationem
1603 2288 1849 2356 spectat,
1883 2276 2048 2337 Deus
2087 2300 2120 2339 a
2159 2278 2316 2339 nuda
2353 2299 2452 2339 sua
2486 2299 2638 2370 pro-

388 2356 678 2494 ptiiitsione·
706 2377 813 2415 nos
850 2354 1172 2490 suspissnditf
1195 2354 1847 2491 quandotperegrinarit
1871 2353 2064 2416 iubet:
2108 2376 2182 2492 pe
2222 2355 2505 2492 pii‘tlismodi
2543 2353 2637 2490 (ῗί-

388 2453 939 2600 ,5013433022225’
942 2443 1542 2589 2122‘1223332'223‘
1533 2451 1832 2589 ιῗῖωἳηξί
1869 2451 2639 2591 3352¹⁵0st25112¹i⁰330³3

386 2597 852 2728 pronxtmTuw
894 2682 1167 2738 egressus.
1256 2659 1369 2722 His
1427 2659 1619 2722 verbis
1680 2659 1951 2722 laudatur
2011 2659 2148 2722 fidei
2209 2661 2637 2754 promptitudo,

388 2741 649 2801 Vocatus
700 2740 853 2798 enim
906 2760 1027 2799 non
1078 2737 1500 2830 procrastinat,
1557 2737 1904 2830 sedo-mores
1952 2758 2156 2828 omn-es
2219 2751 2440 2820 rumpit
2485 2737 2638 2800 asfe-

392 2813 2119 2980 {sssszussusszsssszzffzzssff'iffcsssssssdtzt:3352353
2147 2813 2478 2972 3228'35
2479 2815 2638 2954 ¹122?

388 2987 515 3026 ram
552 2965 637 3026 illi
676 2964 935 3026 attulerit
972 2978 1148 3044 patris
1196 2965 1498 3039 debilitas,
1547 2987 1722 3046 quem
1771 2963 1892 3026 illic
1939 2967 2117 3046 paulo
2165 2980 2299 3048 post
2339 2981 2638 3030 mortuum

388 3061 514 3104 esse
554 3040 819 3124 legimus,
856 3039 947 3100 vel
986 3062 1107 3100 non
1147 3061 1313 3102 ausus
1353 3042 1534 3102 fuerit
1568 3041 1720 3110 ultra
1746 3043 2028 3182 preiredi
2057 3044 2248 3105 donec
2282 3045 2640 3135 pateractum

392 3129 544 3180 esset
590 3117 707 3178 iter
755 3138 788 3176 a
835 3115 1121 3176 Domino.
1236 3117 1387 3178 Mihi
1443 3118 1627 3199 magis
1686 3119 1873 3198 proba
1917 3119 1996 3178 ile
2047 3133 2136 3180 est
2183 3120 2521 3182 lassitudine
2569 3141 2638 3183 ac

388 3191 603 3256 morbo
696 3193 833 3253 atris
880 3192 1056 3254 fuisse
1104 3191 1223 3254 illic
1274 3194 1568 3275 paulisper
1614 3207 1942 3267 retentum,
1979 3197 2116 3275 quia
2157 3198 2502 3260 nominatim
2539 3219 2640 3260 ex-

390 3269 592 3352 primit
675 3267 981 3350 tephanus,
1016 3267 1179 3331 illinc
1217 3281 1357 3352 post
1388 3282 1644 3332 mortem
1683 3273 1862 3352 patris
1901 3272 2176 3334 eductum
2215 3295 2358 3336 esse.

552 3426 615 3492 5.
694 3424 780 3492 Et
830 3445 965 3492 non
1020 3421 1203 3490 dedit
1252 3424 1351 3491 illi
1403 3423 1862 3493 haereditatem
1905 3429 1974 3493 in
2019 3449 2130 3507 ea,
2171 3449 2256 3494 ne
2295 3431 2642 3517 vestigium

386 3527 647 3616 quidem
687 3525 902 3615 pedis:
952 3535 1017 3591 et
1056 3527 1348 3614 promisit
1386 3525 1486 3591 illi
1541 3549 1679 3593 eam
1721 3549 1793 3593 se
1837 3527 2128 3594 daturum
2171 3532 2238 3594 in
2281 3535 2644 3616 possessio-

386 3649 566 3703 nem,
629 3638 694 3694 et
742 3627 968 3692 semini
1023 3630 1161 3691 eius
1213 3636 1361 3713 post
1419 3650 1591 3706 eum,
1648 3651 1840 3716 quum
1895 3627 1994 3692 illi
2046 3650 2180 3696 non
2223 3641 2392 3703 esset
2441 3629 2640 3698 filius.

385 3730 444 3793 6.
485 3729 825 3814 Loquutus
880 3735 977 3790 est
1028 3737 1238 3792 autem
1290 3727 1476 3794 Deus
1531 3731 1598 3794 in
1653 3729 1825 3794 hunc
1873 3729 2164 3796 modum:
2221 3729 2363 3796 Erit
2411 3753 2642 3798 semen

386 3839 561 3896 tuum
602 3824 983 3914 inquilinum
1026 3829 1095 3891 in
1132 3835 1303 3893 terra
1348 3829 1580 3907 aliena,
1621 3839 1688 3893 et
1724 3831 2014 3896 servituti
2055 3829 2221 3898 illud
2261 3831 2642 3914 subiicient,

388 3939 453 3996 et
504 3927 671 3994 male
718 3925 1081 3992 tractabunt
1134 3929 1318 3992 annis
1372 3929 1868 4014 quadringentis.
1963 3931 2022 3996 7.
2079 3929 2163 3996 Et
2218 3943 2475 4018 gentem
2531 3935 2644 3998 cui

384 4029 749 4107 servierint,
808 4049 929 4114 ego
970 4025 1313 4106 iudicabo,
1350 4027 1508 4096 dixit
1551 4029 1751 4096 Deus.
1833 4030 1918 4094 Et
1958 4042 2188 4118 postea
2231 4031 2526 4113 exibunt,
2573 4045 2644 4100 et

386 4129 605 4196 colent
644 4150 747 4194 me
786 4131 857 4194 in
899 4129 1026 4194 hoc
1060 4129 1231 4195 loco.
1314 4130 1373 4194 8.
1415 4129 1500 4194 Et
1541 4115 1722 4198 dedit
1762 4129 1862 4196 illi
1903 4131 2137 4199 foedus
2179 4133 2644 4200 circumcisio-
2747 4179 2754 4194 .

382 4233 511 4296 nis:
568 4241 760 4317 atque
812 4232 898 4294 ita
953 4233 1171 4318 genuit
1218 4229 1422 4310 Isaac,
1477 4241 1542 4294 et
1583 4233 1980 4298 circumcidit
2021 4255 2168 4298 eum
2228 4231 2336 4298 die
2381 4245 2640 4300 octavo.

382 4328 465 4397 Et
502 4329 685 4398 Isaac
727 4331 947 4420 genuit
986 4329 1202 4416 Iacob,
1246 4342 1312 4399 et
1344 4329 1543 4398 Iacob
1581 4331 1924 4401 duodecim
1965 4332 2387 4401 Patriarchas.
