2788 4713
368 259 436 311 ,x
943 242 1330 314 ems-rm
1331 244 1398 305 A
1416 240 2008 323 nemci-roma.

388 400 578 476 eaput
629 389 978 476 inspicitur.
1060 391 1136 459 Id
1195 410 1355 459 vero
1406 387 1715 475 sacrilega
1768 410 1989 457 eorum
2032 388 2340 491 violentia
2382 386 2620 457 abscis-

385 512 524 557 sum
573 512 714 565 esse
755 500 1002 558 constat
1055 502 1124 557 et
1172 492 1545 567 truncatum.
1590 489 1977 577 Quomodo
2032 494 2201 564 enim
2256 494 2479 577 capitis
2518 488 2621 557 lo-

383 612 532 657 cum
581 590 896 668 retinebit
927 592 1227 661 Christus
1271 612 1388 658 sna
1426 591 1633 679 qmni
1663 592 1895 663 virtute
1916 590 2275 676 spoliatus,
2330 590 2619 660 deiectus

385 692 694 777 imperio,
741 691 1018 759 nudatus
1073 690 1414 777 dignitate?
1496 690 1637 757 Hac
1668 687 1819 779 lege
1860 701 2054 777 caput
2102 712 2247 757 eum
2284 690 2619 783 Ecclesiae

387 796 712 861 constituit
751 790 1064 877 coelestis·
1081 792 1304 869 Pater,
1358 802 1428 859 ut
1463 790 1798 880 Evangelii
1838 795 1939 860 sui
1978 791 2267 865 doctrina
2306 812 2529 857 omnes
2576 814 2618 855 a

385 915 627 977 summo
670 914 898 1010 usque·
916 891 995 957 ad
1037 878 1322 959 infimum
1361 902 1570 977 regat,
1612 902 1683 961 ut
1720 894 1947 959 unicus
1996 892 2081 957 s'it
2117 890 2446 969 sacerdos,
2497 896 2617 979 qui

387 994 654 1075 Patrem
678 996 886 1082 ipsum
925 989 1180 1055 assidue
1227 988 1419 1079 nobis
1452 994 1792 1079 propitiet,
1839 990 2369 1079 quemadmodum
2412 991 2621 1057 semel

387 1096 543 1171 iram
589 1097 728 1161 eius
781 1093 998 1175 mortis
1049 1112 1204 1155 suae
1251 1070 1569 1163 sacrificio
1624 1092 1925 1179 placavit.
1986 1104 2059 1159 ut
2108 1092 2392 1168 eiusdem
2442 1114 2621 1159 mors

374 1204 694 1281 perpetua
715 1193 813 1258 ·sit
853 1212 972 1277 pro
1014 1195 1294 1277 peccatis
1335 1195 1644 1281 effiatio,
1680 1196 1935 1279 sanguis
1976 1195 2231 1259 unicum
2274 1190 2623 1270 lavacrum,

386 1294 759 1363 obedientia
803 1290 1020 1358 solida
1059 1292 1436 1368 satisfactio:
1508 1305 1578 1363 ut
1622 1292 1807 1367 ‚solus
1848 1297 1927 1357 sit
1967 1282 2385 1369 intercessor,
2433 1296 2623 1359 cuius

373 1395 744 1482 ,patrocinio
781 1392 1203 1467 exaudiantur
1241 1414 1469 1480 preces
1490 1402 1791 1477 nostrae:
1858 1401 1930 1457 ut
1968 1382 2263 1463 fidus‘‚sit
2308 1392 2625 1459 defensor

387 1516 464 1559 ac
497 1505 688 1571 tutor,
707 1494 820 1578 qui
851 1514 972 1577 suo
1003 1514 1138 1577 nos,
1155 1493 1709 1580 praesidiotegat:
1743 1504 1813 1561 ut
1833 1492 2091 1561 domitis
2116 1494 2323 1569 carnis
2356 1503 2620 1569 nostrae

381 1596 550 1661 vitiis
603 1595 672 1659 in
723 1595 1022 1673 iustitiam
1075 1606 1140 1660 et
1177 1597 1571 1677 sanctitatem
1621 1614 1745 1679 nos
1794 1593 2131 1670 reformet,
2184 1603 2383 1679 utque
2434 1592 2621 1659 solus

377 1692 650 1761 beatam.
675 1696 744 1759 in
771 1692 964 1761 nobis
1003 1696 1202 1776 vitam⁴
1236 1694 1497 1764 inchoet
1536 1714 1613 1759 ae
1647 1694 1961 1779 perficiat.
2040 1695 2291 1770 Horum
2332 1695 2619 1761 omnium

379 1795 438 1859 si
477 1793 632 1881 quid
669 1792 769 1859 illi
801 1794 1124 1866 residuum
1159 1796 1451 1877 fecerunt
1491 1794 1803 1879 Papistae,
1840 1794 2133 1861 babeant
2156 1816 2311 1865 sane
2354 1816 2391 1859 a
2432 1804 2621 1881 parte

380 1914 498 1961 sua
537 1893 908 1968 Ecclesiam.
947 1951 954 1962 .
1033 1894 1292 1981 Quodsi
1335 1896 1509 1982 Rapa
1538 1915 1753 1962 „saeva
1804 1905 1870 1960 et
1918 1892 2067 1980 plus
2116 1916 2307 1979 quam
2366 1893 2623 1962 crudeli

381 1994 726 2079 tyrannide
770 1998 1192 2064 conscientias
1246 1998 1613 2082 opprimens
1655 1990 1916 2061 Christo
1967 1996 2303 2079 imperium
2347 1993 2625 2080 abroga-

381 2098 500 2174 vit,
549 2098 606 2161 si
645 2096 970 2180 regiminis
1002 2092 1276 2161 formam
1315 2098 1557 2161 invexit
1596 2092 1681 2161 ab
1720 2092 2059 2179 Evangelii
2102 2092 2393 2163 doctrina
2433 2118 2626 2183 pror-

305 2274 324 2289 ·
373 2215 488 2268 sus
535 2193 838 2271 alienam,
889 2196 944 2259 si
984 2214 1222 2261 novum
1275 2206 1342 2261 et
1393 2199 1707 2271 exoticam
1748 2193 2194 2275 sacerdotium,
2225 2206 2627 2261 commentus

383 2304 496 2376 est,
537 2304 608 2362 ut
625 2315 700 2360 se
732 2292 1018 2372 mortalis
1057 2292 1252 2372 bomo
1292 2294 1847 2372 reconciliatorem
1887 2296 2056 2360 inter
2078 2292 2291 2363 Deum
2334 2306 2399 2362 et
2438 2317 2629 2368 mun-

385 2393 536 2462 dum
579 2398 841 2482 ingerat,
879 2397 935 2460 si
965 2393 1336 2482 quotidiana
1375 2396 1689 2462 sacrificia
1716 2395 2067 2472 fabricavit,
2106 2415 2270 2479 quae
2302 2397 2367 2460 in
2396 2383 2629 2468 mortis

389 2492 631 2562 Christi
673 2498 884 2562 vicem
923 2493 1230 2574 subeant,
1269 2497 1327 2561 si
1366 2493 1544 2564 mille
1598 2496 1853 2582 piacula
1906 2493 2299 2572 redimendis
2338 2501 2628 2582 peccatis

383 2599 657 2676 invenit,
704 2599 764 2662 si
808 2597 1042 2665 ficticia
1080 2594 1336 2664 lavacra
1381 2620 1457 2662 ex
1496 2597 1647 2665 lacu
1686 2600 1929 2662 Averni
1970 2596 2218 2673 eduxit,
2270 2617 2437 2682 quae
2474 2591 2629 2666 san-

383 2701 637 2782 guium
679 2698 834 2764 Filii
871 2699 1001 2764 Dei
1038 2701 1383 2776 siccarent,
1434 2700 1491 2762 si
1548 2703 1617 2766 in
1659 2700 1797 2766 eius
1836 2697 2049 2764 locum
2091 2699 2461 2764 innumeros
2500 2697 2627 2764 Pa-

289 2789 294 2794 ’
381 2807 610 2864 tronos
647 2795 988 2875 substituit,
1022 2802 1076 2863 si
1117 2799 1437 2874 iustitiam,
1478 2821 1647 2884 quae
1684 2802 1754 2864 in
1798 2798 2073 2866 solidum
2104 2794 2187 2862 ab
2218 2818 2300 2862 eo
2338 2797 2625 2882 petenda

383 2905 540 2974 erat,
592 2899 660 2960 in
696 2895 876 2986 inille
917 2897 1114 2963 frusta
1167 2895 1507 2972 laceravit,
1561 2903 1616 2964 si
1654 2897 1931 2969 liberum
1964 2897 2247 2962 bominis
2290 2896 2625 2965 arbitrium

385 2993 660 3080 Spiritus
699 2998 904 3062 saneti
945 2993 1094 3062 loco
1137 3000 1361 3074 erexit,
1414 3019 1549 3064 non
1604 3009 1697 3067 est
1752 2997 1931 3085 quod
1978 2995 2251 3082 ambigat
2293 2999 2623 3084 quispiam,

381 3115 603 3160 verum
649 3088 969 3161 Christum
1012 3093 1242 3180 procul
1293 3119 1333 3162 a
1371 3099 1615 3184 Papatu
1662 3098 1971 3166 exsulare.
2050 3097 2381 3164 Mortuum
2432 3094 2626 3162 eada-

384 3215 503 3259 τοι·
552 3213 676 3280 pro
721 3195 872 3260 vivo
916 3193 1156 3262 Christi
1199 3217 1475 3283 corpore
1516 3222 1568 3266 ‚a
1610 3199 1881 3284 Papistis
1922 3201 2227 3265 ostentari
2269 3197 2421 3264 ideo
2474 3196 2625 3273 dixi,

387 3295 564 3380 quod
609 3297 910 3360 exstincta
935 3293 1269 3381 Evangelii
1311 3297 1619 3377 doctrina,
1654 3321 1825 3385 quae
1865 3319 2017 3364 vera
2042 3297 2371 3364 Ecclesiae
2414 3299 2625 3362 anima

387 3405 484 3459 est
545 3415 813 3479 eamque
867 3393 1008 3472 sola
1057 3397 1363 3477 vivificat,
1426 3397 1827 3466 umbratilem
1887 3409 2103 3482 tamen
2151 3398 2373 3463 nescio
2430 3417 2621 3484 quam

383 3493 738 3562 Ecclesiam
790 3496 1128 3580 magnifice
1183 3498 1575 3584 praedicant.
1680 3500 1891 3586 Quam
1943 3510 2241 3584 corrupta
2306 3500 2388 3560 sit
2446 3495 2621 3580 apud

389 3615 504 3662 eos
546 3595 880 3663 doctrinae
931 3600 1199 3682 puritas,
1247 3601 1378 3666 imo
1434 3619 1621 3686 quam
1675 3598 2061 3684 prodigiosis
2114 3595 2440 3664 erroribus
2480 3595 2625 3660 foe-

389 3693 563 3774 data,
597 3693 808 3782 palam
849 3697 1129 3766 tacimus.
1213 3697 1318 3764 llli
1360 3719 1495 3765 non
1537 3697 1734 3766 modo
1786 3698 2077 3785 tegendis
2131 3694 2427 3764 omnibus
2480 3716 2625 3761 cor-

387 3795 656 3883 ruptelis
691 3796 1022 3864 Ecclesiae
1063 3798 1350 3866 umbram
1402 3797 1795 3875 obtendunt,
1846 3799 1965 3866 sed
2018 3801 2400 3892 quiritantur
2437 3815 2625 3881 prae.

390 3907 598 3974 terea,
637 3917 888 3982 gravem
934 3920 971 3963 a
1009 3899 1202 3976 nobis
1253 3911 1320 3968 et
1367 3899 1689 3986 indignam
1730 3897 2061 3964 Ecclesiae
2110 3900 2404 3964 iniuriam
2458 3894 2625 3968 fieri,

389 3995 568 4082 quod
610 4017 748 4062 eam
790 3997 1072 4066 dicamus
1115 4021 1352 4066 errare.
1432 4001 1663 4085 Atqui,
1716 4001 1923 4085 primo
1976 4019 2237 4064 examen
2292 3995 2623 4062 doctrinae

391 4096 756 4164 babendum
811 4110 979 4178 erat,
1041 4111 1112 4164 ut
1159 4099 1316 4166 iude
1371 4099 1661 4166 Ecclesia
1702 4110 2171 4184 agnosceretur.
2251 4097 2465 4182 Aequi
2518 4096 2627 4158 isti

393 4197 712 4284 probique
768 4201 1200 4265 aestimatores
1252 4199 1539 4266 fucosum
1584 4197 1835 4266 titulum
1884 4197 1929 4274 ‚d
1939 4200 2223 4264 octrinae
2280 4191 2623 4265 obruendo

395 4295 743 4372 discrimini
801 4301 928 4368 vim
987 4299 1365 4388 praeiudicii
1430 4299 1673 4370 habere
1728 4297 1973 4364 volunt.
2052 4295 2285 4386 Neque
2343 4314 2502 4362 vero
2556 4289 2629 4358 id
