2788 4713
284 236 405 304 iw
1076 227 1167 295 m
1204 226 1432 298 ACTA
1467 214 1762 292 Apos’r.

290 371 569 437 firmitate
612 372 897 457 perficiat.
972 371 1271 443 Servatur,
1290 374 1492 437 Moses
1531 372 1724 437 tribus
1769 369 2105 443 mensibus,
2165 368 2271 432 sed
2321 366 2574 431 undem*

198 500 216 523 ,
336 462 586 513 arentes·
608 463 678 514 ut
708 454 865 513 vitae
900 452 1179 533 propriae
1216 450 1545 527 consulant,
1583 462 1882 533 coguntur
1919 469 2056 510 eum
2085 450 2150 507 in
2175 448 2394 509 flumen
2415 466 2561 529 pro-

290 476 495 591 licere.
570 529 831 589 Tantum
876 526 1194 589 includunt
1236 530 1297 589 in
1348 526 1626 589 arculam*
1651 545 1730 587 ne
1775 546 1914 585 mox
1959 536 2186 607 pereat.
2278 522 2480 597 Quum
2529 542 2564 583 a

298 604 417 665 filia
453 604 781 667 Pharaonis
818 604 1127 686 excipitur,
1164 618 1422 666 mortem
1455 602 1688 684 quidem
1715 602 1950 663 evaditz'
1977 602 2080 662 sed
2103 602 2184 661 ita
2209 611 2277 661 ut
2301 610 2564 659 resectus

302 703 339 743 a
436 700 614 741 enere
674 680 859 743 Israel
922 681 984 741 in
1044 680 1295 741 alienam
1352 694 1592 765 gentem
1647 691 1922 740 transeat.
2019 678 2175 738 Jmo
2221 675 2388 759 genti
2425 692 2568 735 suae

298 778 403 819 mo
428 760 736 819 estissimns
775 758 961 820 bostis
996 755 1225 817 futurus
1264 768 1387 819 erat
1427 757 1540 817 nisi
1579 754 1700 817 eius
1739 756 1996 816 animum
2015 754 2180 815 Deus
2210 750 2568 814 retinuisset.

298 834 651 914 Priusquam
706 833 946 915 aliquod
1008 832 1304 895 fraternae
1364 832 1816 895 benevolentiae
1877 832 2114 916 signum
2190 830 2344 906 edat,
2423 849 2572 909 qna-

302 910 573 994 draginta
610 912 750 973 anni
831 920 1181 971 raetereunt.
2531 937 2537 947 ·

452 992 551 1051 22.
630 987 773 1064 Quo
862 987 926 1049 in
974 989 1133 1045 omni
1175 986 1464 1063 sapientia
1510 985 1600 1046 Ae
1683 985 1943 1067 ptiorum
2001 982 2332 1045 institutum
2387 980 2573 1043 fnisse

302 1062 491 1125 refert
524 1062 736 1139 Lucas,
771 1062 833 1124 id
874 1062 1113 1143 quidem
1148 1074 1427 1156 tanquam
1469 1082 1607 1124 exce
1633 1063 1850 1125 lentiae
1883 1073 2116 1143 partem
2155 1060 2216 1120 in
2257 1058 2430 1119 laude
2455 1078 2573 1139 po·-

302 1142 415 1204 nit.
490 1140 704 1201 Potuit
737 1139 1119 1203 nibilominus
1157 1141 1428 1201 accidere
1467 1138 1629 1219 quod
1665 1140 2016 1221 plerumque
2052 1138 2227 1213 solet,
2261 1147 2332 1197 ut
2365 1134 2574 1216 profa-

301 1216 399 1277 n'is
436 1216 701 1353 spientiis
734 1215 969 1306 inflatus
1006 1213 1213 1299 vulgus
1248 1216 1521 1300 ignobile
1567 1226 2005 1307 contemneret}
2046 1214 2182 1305 quia
2213 1224 2410 1273 tamen
2423 1211 2572 1271 Deo

302 1291 2032 1467 ἔὸῗξᾷωοῶᾚῗ,ἷῖἛῇῗῖἒὲἑᾛὶἓςὲῗᾶηὲῗᾶἒὲἔῗ
2060 1310 2380 1446 οἶῗὲῗέι
2394 1308 2576 1455 Ἓξ

306 1446 689 1525 obstreperet
724 1446 913 1507 carnis
950 1445 1129 1522 ratio,
1168 1444 1297 1508 Cur
1332 1458 1615 1509 connivet
1649 1446 1814 1507 Deus
1851 1445 1924 1505 ad
1959 1456 2082 1505 tam
2120 1444 2325 1524 longas
2361 1438 2576 1522 populi

307 1520 653 1585 aerumnas?
692 1521 821 1583 Cur
838 1520 1207 1584 Pharaonem
1231 1524 1295 1583 in
1336 1524 1462 1585 dies
1499 1524 1643 1587 sinit
1677 1523 1938 1585 atrocius
1971 1519 2232 1581 saevire?
2273 1518 2400 1581 Cur
2436 1519 2578 1579 Mo-

304 1616 413 1659 sen
452 1618 576 1657 nou
614 1599 835 1679 patitur
870 1597 1209 1661 adolescere
1244 1601 1402 1682 apud
1439 1600 1613 1663 suos?
1690 1597 1819 1661 Cur
1853 1596 2194 1678 adoptatum
2235 1616 2268 1655 a
2319 1594 2444 1663 filia·
2477 1614 2580 1655 re-

310 1674 402 1757 gis
442 1694 473 1733 a
512 1694 735 1755 genere
774 1675 957 1737 Israel
996 1676 1440 1755 quodammodo
1482 1674 1750 1738 abdicat?
1791 1674 1916 1737 Cur
1954 1674 2026 1735 ad
2065 1692 2284 1733 annum
2324 1672 2582 1753 quadra-

308 1749 820 1891 &3533ss
834 1750 1051 1889 ²333:
1078 1748 2446 1892 3¹22}⁶1:232}„tssssfizzsz'zbt‘ssffl‘zf{¹2:351
2469 1748 2584 1886 2¹3:

313 1918 546 1986 gamur,
584 1905 655 1965 ad
694 1851 1248 1968 illustrandampDei
1285 1906 1538 1991 gloriam
1577 1906 1776 1967 omnia
1815 1905 1956 1966 baec
1994 1900 2277 1985 singulari
2325 1902 2582 1963 consilio

315 1992 379 2040 et
427 1980 640 2041 ordine
687 1980 868 2043 fuisse
997 1981 1260 2045 ber-nata.
1338 1982 1525 2059 Quod
1578 1983 1693 2042 dixi
1729 1982 1974 2043 honoris
2013 2000 2184 2039 causa
2221 1978 2442 2042 Lucam
2481 1978 2586 2040 bic

314 2052 393 2117 de
429 2054 863 2139 Aegyptiorum
944 2059 1175 2120 octrina
1214 2059 1405 2140 loqui,
1441 2080 1565 2121 non
1605 2060 1689 2119 it'a
1729 2057 1850 2121 acci
1899 2056 1918 2117 i
1954 2055 2093 2117 volo
2135 2055 2298 2134 quasi
2325 2054 2469 2115 nihil
2513 2056 2598 2117 in.

314 2152 389 2193 ea
420 2132 698 2195 vitiosum
740 2133 938 2197 fuerit.
1016 2136 1221 2211 Quum
1258 2135 1601 2219 Astrologia
1638 2133 1846 2195 mirabi
1873 2154 1908 2193 e
1943 2133 2061 2193 Dei
2099 2130 2428 2212 opificium·
2451 2148 2584 2193 nnn

314 2208 501 2273 modo
542 2210 608 2271 in
644 2209 944 2277 stellarum
974 2212 1181 2293 ,positu
1222 2225 1282 2274 et
1317 2224 1436 2274 tam
1461 2212 1618 2273 bene
1642 2211 1912 2273 distincta
1935 2209 2234 2285 varietate,
2271 2209 2373 2270 sed
2398 2208 2584 2292 etiam

315 2284 381 2345 in
419 2298 605 2364 motu,
642 2288 701 2351 vi
740 2299 802 2348 et
840 2289 1068 2350 arcanis
1105 2280 1317 2350 officiis
1359 2288 1715 2365 consideret,
1753 2284 1999 2349 scientia
2041 2297 2128 2345 est
2165 2284 2325 2346 utilis
2363 2306 2428 2345 ac
2455 2304 2584 2344 me-

316 2361 439 2425 rito
482 2364 787 2429 laudanda.
866 2367 937 2427 ln
975 2365 1085 2428 hac
1125 2365 1373 2428 multum
1411 2366 1589 2428 studii
1628 2376 1953 2447 posuerunt
1988 2363 2080 2423 Ae
2204 2362 2292 2438 tii,
2333 2361 2586 2424 sednon

318 2443 592 2502 contenti
625 2441 881 2523 simplici
918 2455 1162 2504 naturae
1200 2443 1412 2505 ordine
1449 2444 1510 2503 in
1551 2443 1750 2502 multis
1789 2441 1966 2512 etiam
2014 2452 2108 2500 stu
2133 2383 2206 2502 ιε
2257 2450 2319 2498 et
2363 2438 2590 2520 ineptia

318 2517 822 2596 speculationibus
868 2520 1063 2603 vagati
1111 2533 1251 2582 sunt
1297 2519 1790 2610 quemadmodum
1839 2515 2141 2580 Chaldaei.
2217 2515 2328 2576 His
2376 2537 2592 2598 super·
2692 2578 2700 2587 ,

316 2593 661 2656 stitionibus
709 2595 969 2658 imbutus
1019 2596 1197 2658 fuerit
1246 2597 1443 2658 Moses
1491 2616 1680 2657 necne
1730 2595 2022 2656 incertum
2074 2604 2179 2653 est.
2265 2593 2592 2674 Utcunque

316 2677 520 2731 tamen
566 2673 957 2752 res-habeat,
1000 2673 1263 2736 videmus
1322 2695 1495 2756 quam
1543 2673 1804 2746 sincere,
1864 2671 1984 2732 imo
2033 2669 2166 2729 rudi
2211 2667 2475 2730 Minerva
2523 2671 2596 2732 iu

318 2747 530 2806 mundi
588 2747 809 2810 fabrica
871 2749 1360 2810 considerandum
1422 2761 1725 2832 proponat
1769 2748 1934 2828 quod
1981 2747 2056 2810 ad
2145 2747 2379 2806 ietatem
2429 2746 2590 2814 facit.

318 2821 581 2915 Insignis
618 2837 779 2884 certe
802 2826 1086 2901 modestia
1126 2827 1284 2906 quod
1324 2827 1396 2900 is,
1434 2830 1535 2907 qui
1571 2825 1866 2888 subtiliter
1904 2845 2058 2895 cum,
2116 2824 2264 2884 octis
2305 2834 2367 2883 et
2403 2824 2596 2888 acutis

320 2895 663 2960 bominibus
704 2899 778 2961 de
816 2914 1059 2962 naturae
1097 2903 1316 2963 arcanis
1358 2902 1645 2974 disserere
1724 2912 1950 2976 oterat,
1997 2922 2122 2962 non
2169 2898 2350 2962 modo
2403 2899 2594 2962 subli-

322 2975 543 3036 miores
580 2977 841 3058 argutias
880 2978 1123 3052 omittit,
1160 2978 1261 3038 sed
1302 2977 1608 3040 descendit
1643 2999 1676 3038 a
1753 2977 2054 3059 vulgarem
2093 2977 2282 3037 infimi
2307 2977 2594 3058 cuiusque

322 3062 595 3188 {3323
622 3053 825 3210 {323¹
828 3053 940 3189 ‘ii
941 3053 1508 3208 ‘31323221332‘133'
1540 3053 2600 3212 ssiffl⁶³ssciss²iui⁵⁰riiiissii⁰ess

622 3179 629 3198 ι
1474 3173 1497 3207 ,
1991 3175 1996 3183 ·

322 3203 830 3266 incantationibus
877 3205 1102 3288 populo
1152 3208 1462 3268 transitum
1511 3227 1620 3288 per
1665 3227 1827 3267 mare
1875 3208 2122 3270 rubrum
2197 3220 2398 3268 ecerlt.
2497 3209 2597 3270 Ita
2697 3229 2706 3244 ⁴

328 3271 510 3340 Satan
548 3279 669 3342 Dei
705 3281 982 3345 virtutem
1020 3305 1144 3346 non
1182 3283 1364 3346 modo
1408 3284 1700 3358 obruere,
1749 3283 1851 3344 sed
1891 3283 2181 3366 probrosa
2221 3283 2398 3344 etiam
2451 3299 2600 3350 nota

324 3375 643 3439 aspergere
680 3371 925 3422 conatus
964 3371 1071 3420 est.
1143 3359 1227 3421 At
1368 3361 1580 3423 scimus
1619 3362 1830 3422 Mosen
1871 3383 1994 3424 non
2034 3373 2160 3422 arte
2199 3360 2422 3440 magica
2459 3383 2600 3422 cum

324 3431 812 3525 incantatoribus.
848 3448 1129 3514 certasse,
1174 3381 1333 3498 se}¹⁴¹¹
1368 3450 1712 3518 xsequutum
1760 3435 1935 3500 fuisse
1965 3438 2285 3504 duntaxat.
2309 3457 2458 3518 quae
2511 3437 2603 3500 illi

326 3523 593 3602 iniuncta
630 3533 663 3573 a
702 3512 837 3574 Deo
953 3525 1078 3576 ant.
1155 3513 1474 3577 Habebant
1527 3517 1699 3575 etiam
1738 3514 2020 3597 Aegyptii
2069 3515 2368 3599 mysticam
2420 3513 2601 3578 theo-

329 3584 570 3678 lpgiam,
610 3607 764 3670 quae
800 3601 895 3651 stu
962 3666 978 3682 ο
1033 3603 1093 3650 et
1135 3591 1335 3652 deliris
1372 3591 1720 3680 commentis
1771 3603 1831 3652 et
1911 3591 2236 3675 ‘rodigiosis
2292 3589 2601 3652 abomina-

326 3663 593 3801 ttffinzbus
640 3665 911 3758 colorem
960 3665 1780 3804 inducega,dacsipprqbare
1815 3615 2202 3806 vellenkpon
2242 3665 2464 3760 absque
2499 3689 2601 3729 ra-

328 3761 510 3880 mi„
534 3760 621 3880 ’ξι
637 3763 979 3882 ’ἓῗῗὲἓῗω
996 3763 1338 3912 ”affligat
1348 3765 1610 3882 “1¹:1⁶5ss
1607 3767 1658 3896 ‚¹⁵
1663 3756 1975 3903 “13523233
2026 3757 2603 3882 ιῗὲἑὲωὲἓῶἓῆῖἰῖ

330 3907 599 3974 scantur,
638 3907 707 3958 ut
742 3898 1133 3978 persuadeant
1170 3898 1316 3959 mlul
1356 3898 1479 3960 illic
1518 3900 1796 3987 esse-nisi
1835 3890 2107 3959 divinum.
2149 3895 2274 3958 Gre
2321 3899 2426 3959 arii
2467 3897 2606 3979 qui-

332 3970 471 4032 dem
518 3972 857 4036 sacerdotes
910 3976 983 4036 ad
1022 3973 1179 4035 illam
1216 3995 1402 4056 usque
1441 3974 1807 4038 altitudinem
1847 3995 1973 4036 non
2009 3993 2266 4036 conscen
2313 3988 2450 4050 unt,
2496 3974 2606 4035 sed

333 4049 439 4129 qui
474 4050 687 4141 uolunt
724 4052 883 4113 inter
922 4073 1024 4114 eos
1063 4050 1267 4112 haberi
1305 4051 1486 4134 magis
1527 4053 1922 4132 perspicaces,
1969 4051 2196 4114 nullum
2236 4053 2606 4132 quantumvis

332 4125 625 4214 puerilem
664 4139 766 4188 aut
802 4128 1088 4190 ludicrum
1126 4129 1308 4190 ritum
1348 4128 1654 4202 omittunt,
1691 4129 1787 4220 cui
1823 4151 1952 4190 non
1991 4129 2090 4190 afli
2175 4139 2276 4188 ant
2297 4127 2607 4209 spirituale

333 4197 575 4292 aliquod
614 4207 976 4288 mysterium.
1052 4205 1252 4267 Exstat
1288 4207 1349 4268 in
1392 4225 1519 4266 eam
1557 4225 1685 4267 rem
1721 4207 2078 4288 ineptissima
2114 4223 2386 4286 anagn,
2467 4225 2606 4264 nam

741 4283 757 4298 .
799 4285 813 4300 .
2203 4281 2220 4296 .
2424 4225 2466 4297 ‘J

332 4275 649 4342 Rationale
696 4283 1033 4346 divinorum
1082 4282 1422 4346 officiorum
1468 4294 1704 4344 vocant.
1783 4283 1904 4346 Sed
1945 4304 2128 4364 quum
2165 4279 2456 4342 eiusmodi
2485 4279 2604 4340 de-

330 4351 465 4415 liria
499 4355 613 4418 soli
650 4349 896 4425 sacrifici
932 4362 1087 4424 inter
1118 4381 1189 4430 ,se
1226 4369 1570 4449 tractarent,
1607 4362 1817 4426 Mosen
1857 4358 2039 4424 fuisse
2065 4359 2136 4422 in
2173 4355 2604 4420 illisversatnm
