2788 4713
1074 249 1357 324 cAPuT
1406 251 1532 348 xy.
1601 262 1609 270 ·
1843 271 1862 288 =
1959 259 1967 264 ·
2308 259 2424 324 313

187 397 321 463 liter
358 397 591 479 quidem
623 395 973 476 Antiochiae
1026 383 1301 472 laborats
1326 395 1427 458 sed
1468 399 1601 478 quia
1639 399 1990 480 Apostolum
2040 420 2104 463 se
2150 400 2419 462 divinitus

186 475 517 536 ordinatum
557 474 848 550 meminit,
898 494 1019 533 non
1071 475 1235 534 unius
1275 486 1498 535 tantum
1549 474 1666 535 loci
1715 488 2037 555 pastorem,
2093 476 2418 540 vocationis

188 569 327 614 suae
365 571 592 611 cursum
644 562 834 624 tenet:
884 548 1123 623 deinde,
1171 549 1343 611 sicuti
1389 549 1626 612 minime
1676 551 1923 612 decebat
1969 554 2071 613 nni
2118 551 2252 615 loco
2293 571 2420 614 esse

172 623 443 702 affixum,
481 627 561 686 ita
599 625 899 702 omnibus,
942 647 1087 705 quos
1124 625 1185 685 in
1225 625 1485 688 Domino
1527 627 1765 708 genuit,
1802 649 1878 690 sa
1913 625 2254 690 obstrictum
2295 647 2420 692 esse

192 703 437 786 cogitat,
474 701 608 762 ideo
648 725 749 763 sua
771 722 948 784 opera
989 723 1089 762 eos
1130 702 1397 763 fraudare
1437 723 1556 762 non
1579 702 1719 764 vult.
1792 702 1961 762 Adde
1984 704 2141 784 quod
2179 700 2418 767 inchoa·

192 788 317 840 tum
358 779 417 838 in
456 777 568 839 illis
609 778 749 839 locis
774 799 919 858 opus
960 777 1179 860 negligi
1204 800 1324 838 non
1358 789 1606 860 poterat,
1645 777 1783 858 quin
1825 779 1998 859 paulo
2039 792 2171 860 post
2192 781 2420 841 difflue-

190 867 338 914 ret.·
384 853 683 938 Colligere
720 867 915 914 tamen
959 867 1290 936 promptum
1334 867 1450 928 est,
1488 855 1545 914 in
1587 855 1956 915 Antiochena
1995 853 2233 918 ecclesia
2267 857 2421 918 Pau,-

190 929 313 992 lum
352 927 629 1002 haesisse,
681 931 871 990 donec
922 931 1305 1009 compositum
1357 933 1467 990 rite
1507 929 1729 1009 videret
1768 931 1890 991 eius
1928 943 2136 992 statum
2178 943 2238 991 et
2275 953 2418 992 con-

192 1006 453 1068 cordiam
491 1006 816 1068 stabilitam.
903 1007 986 1065 Ex
1032 1006 1248 1066 erimur
1294 1006 1484 1081 enim,
1527 1013 1802 1085 quantum
1852 1006 2104 1067 habeant
2141 1009 2422 1069 momenti

193 1083 501 1165 primariae
541 1081 817 1144 ecciesiae
856 1083 929 1142 ad
966 1027 1101 1144 alias
1126 1083 1392 1144 'minores
1433 1083 1790 1142 retinendas:
1829 1083 1878 1142 si
1902 1084 2028 1162 quis
2066 1085 2128 1142 in
2168 1083 2418 1146 obscuro

192 1179 350 1241 pago
390 1159 610 1220 oriatur
645 1158 945 1232 tumultus,
984 1157 1077 1218 vel
1114 1158 1161 1218 si
1183 1159 1321 1238 quid
1346 1157 1690 1219 offendiculi
1726 1157 1963 1234 incidat,
2003 1180 2124 1220 non
2151 1171 2268 1220 tam
2305 1158 2421 1220 late

196 1235 487 1316 spargitur
525 1256 745 1311 rumor,
784 1257 893 1294 nec
933 1231 1101 1297 vicini
1140 1255 1320 1313 usque
1361 1235 1507 1296 adeo
1547 1246 1876 1295 moventur.
1925 1235 2172 1295 'Verum
2209 1235 2256 1296 si
2295 1236 2428 1315 quis

192 1309 359 1371 locus
397 1311 645 1385 excellit,
683 1332 979 1390 nunquam
1018 1309 1273 1372 labascet
1304 1311 1431 1370 sine
1469 1331 1678 1393 magna
1714 1311 1904 1386 ruina,
1941 1311 2036 1370 vel
2055 1311 2255 1372 saltem
2325 1314 2423 1372 uin

190 1381 383 1470 longe*
414 1386 646 1467 lateque
684 1387 911 1446 minora
951 1385 1209 1446 aedificia
1246 1385 1561 1446 concutiat.
1636 1385 1796 1468 Ergo
1834 1385 2047 1448 Paulus
2072 1389 2288 1448 Antioc
2311 1388 2422 1450 niae

192 1462 269 1523 ad
330 1460 558 1544 tempus
618 1462 932 1522 subsistens
982 1462 1104 1522 aliis
1154 1459 1410 1522 ecclesiis
1457 1464 1780 1544 prospexit:
1817 1475 2044 1544 ,atque‘
2067 1465 2148 1526 ita
2195 1465 2256 1524 in
2309 1464 2423 1526 boc

192 1537 461 1629 exemplo
500 1557 627 1598 non
666 1536 855 1628 ini-nus
880 1537 1002 1600 eius
1040 1537 1369 1629 prudentia,
1409 1559 1579 1617 quam
1617 1537 1887 1600 sedulitas
1925 1535 2097 1602 nobis
2116 1541 2428 1621 spectanda

194 1625 307 1704 est,
346 1635 479 1703 quia
518 1635 638 1674 non
677 1635 869 1674 minus
904 1634 1075 1695 saepe
1113 1626 1291 1676 nocet
1328 1613 1671 1676 immodicus
1707 1616 2002 1700 satagendi
2039 1615 2234 1679 fervor
2255 1639 2427 1700 quam

194 1707 427 1770 agnavia
467 1700 780 1768 pastorum.

358 1761 653 1850 Quomodo
687 1787 747 1824 se
782 1761 1037 1826 habeant.
1110 1765 1370 1827 Noverat
1417 1764 1629 1828 Paulus
1681 1766 1738 1827 iu
1786 1776 1948 1828 tanta
1983 1765 2286 1831 bominum
2333 1770 2424 1832 le-

194 1839 393 1913 vitate,
431 1853 605 1920 atque
644 1852 709 1900 ut
744 1861 949 1902 eornm
987 1841 1287 1926 ingenium
1324 1844 1383 1903 in
1423 1843 1561 1904 vitia
1597 1842 1854 1923 proclive
1893 1856 2008 1918 est,
2048 1867 2178 1916 raro
2216 1845 2424 1908 stabile

196 1926 263 1976 et
300 1915 633 1976 diuturnum
672 1938 935 1991 manere,
981 1919 1026 1980 si
1066 1919 1203 1998 quid
1244 1924 1403 1979 recte
1443 1918 1598 1979 inter
1632 1918 1763 1982 illos
1803 1920 2180 1982 constitutum
2219 1923 2422 1984 fuerit:

192 1993 535 2076 praesertim
574 2013 712 2054 vero
755 1994 929 2055 facile
959 1993 1171 2056 collabi
1208 1995 1477 2058 ecclesias
1509 1995 1600 2056 vel
1638 1996 2016 2078 degenerare,
2053 1997 2164 2058 nisi
2201 1999 2426 2060 assidue

194 2067 550 2128 excolantur.
634 2069 795 2130 Nihil
835 2071 1063 2150 quidem
1117 2093 1299 2152 aeque
1352 2071 1578 2134 firmum
1625 2073 1734 2134 sub
1784 2073 1954 2135 coelo
2005 2073 2131 2136 esse
2180 2073 2426 2138 decebat

193 2165 265 2205 ac
303 2167 329 2204 s
375 2144 601 2205 irituale
636 2145 787 2206 fidei·
818 2147 1173 2219 aedificium,
1224 2160 1428 2230 utpote
1469 2150 1628 2210 cuius
1669 2149 1943 2210 stabilitas
1984 2150 2042 2209 in
2085 2151 2254 2214 coelo
2295 2153 2423 2234 spso

192 2219 300 2282 fun
344 2222 433 2280 ata
474 2233 580 2297 est,
617 2221 718 2282 sed
758 2223 1117 2303 paucisunt,
1156 2225 1216 2284 in
1257 2246 1507 2304 quorum
1544 2225 1748 2286 animis
1771 2227 1921 2286 vivas
1945 2225 2174 2306 penitus
2204 2229 2422 2291 radices

194 2309 331 2381 agat
380 2297 621 2358 verbum
670 2299 937 2361 Domini:
1000 2301 1133 2361 ideo
1186 2322 1310 2361 rara
1361 2302 1424 2361 in
1477 2301 1806 2362 hominibus
1853 2301 2108 2363 firmitas.
2191 2304 2425 2365 Deinde

196 2376 371 2434 etiam
413 2376 511 2455 qni
551 2396 821 2436 ancoram
858 2398 1015 2436 suam
1059 2376 1117 2435 in
1160 2376 1275 2435 Dei
1314 2377 1556 2435 veritate
1596 2378 1759 2436 fixam
1801 2378 2048 2451 babent,
2085 2378 2234 2439 'nou
2273 2380 2425 2440 desi-

194 2462 349 2510 nunt
383 2462 577 2511 tamen
617 2451 780 2511 variis
818 2450 1221 2512 iactationibus
1261 2472 1384 2511 esse
1424 2451 1688 2512 obnoxii:
1771 2452 1940 2513 uibus
1967 2454 2075 2513 etsi
2113 2476 2232 2514 non
2256 2474 2425 2514 ever-

194 2527 343 2585 titur
379 2546 581 2604 eorum
622 2526 795 2601 fides,
841 2526 1288 2587 confirmatione
1334 2539 1525 2585 tamen
1568 2548 1677 2607 qua
1757 2528 2000 2587 ulciatur
2049 2550 2086 2589 o
2127 2552 2194 2590 us
2234 2530 2424 2591 babet.

193 2600 297 2662 Ad
334 2600 471 2663 baec
508 2604 786 2677 videmus,
825 2602 1031 2683 quibus
1069 2603 1346 2663 machinis
1384 2603 1624 2683 impetat
1664 2604 1862 2676 Satan,
1903 2616 1964 2664 et
2001 2625 2097 2684 qun
2145 2626 2208 2665 us
2247 2606 2425 2666 artifi-
2472 2660 2510 2677 ,,

198 2677 307 2739 ciis
346 2677 489 2738 clam
510 2680 743 2741 diruere
782 2690 1028 2739 conetur
1066 2700 1221 2739 nunc
1260 2690 1410 2739 totas
1437 2680 1720 2753 ecclesias,
1759 2702 1915 2740 nunc
1941 2680 2196 2741 fidelium
2217 2704 2425 2743 uuum-

199 2774 507 2835 quemque.
582 2752 720 2817 Non
763 2775 903 2836 ergo
945 2754 1045 2815 abs
1084 2776 1147 2816 re
1171 2754 1380 2815 Paulus
1421 2756 1582 2815 anxie
1623 2755 1694 2813 de
1733 2755 1848 2816 suis
1869 2756 2161 2837 discipulis
2198 2760 2426 2835 metuit,

201 2849 283 2889 ne
320 2851 381 2891 se
422 2832 589 2893 aliter
628 2845 837 2912 gerant
876 2852 1042 2911 quam
1081 2832 1401 2911 optandum
1448 2830 1554 2905 sit,
1593 2844 1656 2891 et
1692 2832 1825 2893 ideo
1865 2844 2087 2893 mature
2127 2835 2284 2915 cupit
2323 2856 2426 2897 oc·-

204 2928 470 2981 currere,
508 2908 554 2968 si
594 2908 734 2988 quid
770 2907 1121 2969 incommodi
1161 2920 1352 2969 ortum
1392 2908 1500 2985 sit,
1540 2908 1697 2988 quod
1735 2909 1860 2969 sine
1897 2909 2262 2991 inspectione
2299 2911 2428 2973 fieri

199 3002 327 3043 non
368 2996 574 3060 potest.

350 3066 443 3126 37.
518 3056 834 3120 Barnabas
868 3074 1052 3119 amem
1087 3058 1424 3121 considebat.
1500 3060 1695 3121 Triste
1744 3060 1837 3122 bic
1888 3061 2182 3125 dissidium
2234 3076 2432 3129 narrat

194 3134 415 3213 Lucas,
474 3148 534 3197 et
587 3138 747 3217 quod
795 3136 1113 3197 horrorem·
1150 3138 1257 3220 piis
1306 3136 1576 3199 omnibus
1625 3138 1888 3201 incutere
1933 3140 2146 3201 merito
2200 3142 2428 3205 debeat.

198 3210 440 3273 Sacrata
479 3224 600 3273 erat
639 3212 877 3275 coelesti
917 3214 1152 3275 oraculo
1176 3214 1342 3275 Pauli
1380 3228 1444 3275 et
1472 3214 1773 3275 Barnabae
1810 3215 2070 3277 societas.
2148 3216 2270 3277 Sub
2313 3218 2428 3281 boc

194 3288 376 3370 iugo,
440 3288 534 3349 cui
570 3288 857 3351 Dominus
897 3310 997 3352 eos
1046 3290 1412 3373 alligaverat,
1473 3290 1572 3351 diu
1620 3290 1944 3352 concordes
1989 3291 2426 3355 laboraverant:

196 3364 394 3424 multis
446 3365 807 3425 documentis
870 3366 1225 3447 praeclarum
1281 3368 1502 3447 experti
1551 3380 1718 3427 erant
1765 3367 1881 3459 D‘d
1931 3368 2209 3430 favorem.
2291 3370 2424 3433 Imo

200 3438 553 3499 admirabilis
602 3440 698 3499 ille
744 3462 1067 3513 successus,
1127 3443 1285 3503 cuius
1334 3446 1578 3504 antebac
1625 3457 1888 3504 meminit
1921 3442 2136 3519 Lucas,
2193 3444 2428 3507 illustris
2527 3474 2536 3485 ·

202 3526 331 3573 erat
378 3514 492 3575 Dei
552 3514 901 3579 benedictio.
1002 3516 1200 3593 Quum
1255 3530 1350 3577 tot
1411 3521 1929 3601 persequutionum
1989 3524 2427 3603 tempestatibus

201 3589 379 3651 toties
420 3591 662 3653 fuissent
696 3612 882 3674 prope
923 3593 1151 3671 obruti,
1198 3605 1261 3653 et
1302 3594 1596 3654 innumeri
1646 3596 1838 3658 hostes
1875 3609 1992 3657 tam
2045 3600 2258 3659 acriter
2290 3600 2428 3659 sub-

204 3665 344 3725 inde
392 3666 523 3729 illos
572 3682 879 3751 urgerent,
940 3692 1119 3750 quum
1166 3671 1658 3742 intestina-etiam
1709 3674 1920 3735 seditio
1969 3675 2174 3755 passim
2225 3688 2430 3744 contra

204 3763 312 3803 eos
351 3742 610 3817 arderet,
657 3744 803 3803 adeo
852 3766 973 3806 non
1022 3746 1254 3807 fuerant
1294 3746 1526 3821 divulsi,
1585 3761 1652 3810 ut
1688 3762 1829 3811 tunc
1874 3754 2110 3810 maxime
2151 3750 2428 3830 probatus

202 3818 383 3879 suerit
409 3840 612 3881 eorum
640 3840 965 3881 cousensus.
1038 3824 1213 3884 Nunc
1253 3821 1361 3881 levi
1401 3822 1473 3881 de
1497 3846 1684 3899 causa,
1725 3840 1784 3887 et
1806 3847 1950 3906 quae
1990 3827 2152 3889 nullo
2185 3827 2425 3905 negotio

202 3896 446 3978 transigi
527 3906 744 3971 oterat,
792 3917 1017 3957 sacrum·
1065 3896 1203 3957 illud
1245 3900 1561 3960 vocationis
1602 3902 1828 3963 divinae
1863 3902 2154 3963 vinculum
2195 3902 2426 3961 abrum-

202 3983 369 4054 punt.
509 3992 581 4033 oc
618 3984 775 4032 certe
813 3972 1075 4032 accidere
1113 3994 1233 4035 non
1315 3976 1468 4035 otuit
1487 3977 1612 4037 sine
1650 3977 1876 4061 ingenti
1916 3980 2146 4059 piorum
2170 3978 2426 4039 omnium

202 4048 663 4133 perturbatione.
763 4048 961 4123 Quum
1020 4062 1137 4109 tam
1186 4049 1280 4109 vio
1308 4064 1473 4112 entus
1527 4052 1703 4114 fuerit
1751 4056 1808 4115 in
1855 4057 2066 4115 sanctis
2123 4054 2246 4113 istis
2291 4054 2428 4115 viris

204 4124 604 4185 contentionis
643 4125 919 4205 impetus,
966 4125 1067 4205 qui
1116 4146 1221 4207 per
1255 4128 1470 4189 multos
1507 4150 1688 4191 annos
1728 4152 1790 4191 sc
1830 4130 1899 4191 ad
1940 4150 2130 4190 rerum
2171 4130 2427 4191 omnium

198 4201 567 4262 tolerantiam
594 4200 1035 4275 assuefeceram,
1074 4203 1241 4265 nobis
1262 4206 1400 4285 quid
1439 4206 1680 4283 accidet,
1719 4228 1966 4287 quorum
1999 4204 2243 4266 affectus
2274 4226 2428 4267 nou-

204 4278 344 4337 dum
382 4279 457 4339 ita
498 4278 559 4337 in
601 4276 716 4338 Dei
754 4276 1099 4357 obsequium
1134 4280 1359 4342 subacti
1398 4280 1616 4361 absque
1653 4282 1939 4342 modestia
1977 4280 2223 4342 subinde
2253 4280 2426 4343 lasci-

200 4352 405 4415 viunt?
482 4352 681 4430 Quum
721 4352 859 4417 levis
898 4358 1123 4421 occasio
1166 4376 1266 4421 ens
1288 4358 1629 4433 distraxerit,
1671 4358 1770 4439 qui
1809 4359 1964 4418 iuter
2003 4356 2254 4425 adversas
2295 4373 2426 4423 ten-
