2788 4713
369 3258 382 3265 -
414 3212 714 3277 Christum
748 3212 1069 3295 adducere,
1108 3236 1222 3279 acsi
1258 3220 1590 3303 propagine

378 247 381 250 ⁴
436 253 555 321 818
1224 253 1312 314 IN
1348 250 1574 316 ACTA
1611 249 1899 314 APOST.

430 406 677 480 possent
714 394 849 458 alias
882 393 1069 457 videri
1106 414 1312 476 parum
1350 406 1770 470 consentanea,
1815 417 1995 476 quum
2033 392 2337 456 abstinere·
2362 392 2434 456 ah
2481 393 2700 455 idolo-

432 475 616 556 thytis
664 473 828 533 iubet
916 485 1121 564 ropter
1164 463 1402 534 alterius
1453 472 1882 532 conscientiam.
1959 469 2193 532 Interea
2243 469 2448 531 sedulo
2497 484 2702 546 cavet,

432 567 513 610 ne
552 549 853 611 hominum
872 491 1117 629 Regibus
1157 549 1283 628 pias
1320 548 1540 608 animas
1577 548 1924 630 obstringat.
2021 547 2146 628 N‚os
2185 567 2328 628 ergo
2373 546 2554 606 hodie
2593 550 2698 606 ni-

433 626 523 686 hil
570 649 602 686 a
648 624 834 684 Paulo
887 619 1175 684 diversum
1224 635 1533 685 tentamus.
1611 623 1924 684 Caeterum
1975 623 2142 684 nimis
2189 643 2377 684 crasse
2425 622 2700 684 illudunt

432 701 701 785 Papistae
750 701 908 782 leges
957 721 1084 760 suas
1125 721 1255 762 cum
1294 699 1714 780 Apostolorum
1752 699 1998 760 decretis
2037 700 2447 779 comparando.
2535 701 2694 758 Nut-
2778 741 2779 744 ,

432 777 555 839 lum
595 775 879 836 finxerant
914 777 1187 857 Apostoli
1236 797 1454 837 novum
1493 775 1610 835 Dei
1661 772 1911 850 cultum,
1963 775 2184 836 nullum
2237 787 2456 836 novum
2506 777 2692 856 spiri-
2778 809 2779 824 κ

430 853 592 915 tuale
630 853 893 946 regimen
936 863 1266 924 erexerant,
1320 851 1422 912 sed
1473 852 1630 932 pacis
1679 852 1874 913 studio
1916 852 2133 911 hortati
2184 850 2414 912 fuerant
2451 865 2692 932 gentes,
2778 863 2779 906 1

432 941 501 990 ut
538 928 765 990 Iudaeis
806 927 1021 1009 aliquid
1062 928 1481 990 concederent:
1532 939 1600 988 ut
1649 927 1807 1010 leges
1845 951 1974 988 suas
2015 929 2126 988 isto
2166 939 2468 1009 praetextu
2509 949 2688 988 excu-
2778 1001 2779 1004 Ἴ

430 1017 525 1068 set
559 1005 751 1088 Papa,
790 1006 951 1084 prius
988 1016 1143 1066 totas
1180 1004 1391 1065 mutari
1433 1024 1668 1070 necesse
1709 1006 1836 1064 erit.
1912 1005 2036 1064 Nos
2075 1023 2248 1078 vero,
2293 1025 2472 1084 quum
2509 1005 2686 1085 spiri—

428 1080 697 1142 ritualem
734 1081 851 1140 Dei
892 1079 1111 1141 cultum
1159 1091 1416 1145 statuant
1454 1081 1532 1140 Pa
1579 1081 1722 1141 istae
1771 1081 1832 1140 in
1883 1079 2146 1140 humanis
2195 1082 2579 1154 commentis,
2625 1093 2690 1140 et

428 1157 519 1219 ius
569 1157 741 1218 unius
781 1156 893 1217 Dei
945 1157 1016 1217 ad
1056 1157 1319 1217 homines
1367 1168 1524 1218 trans
1555 1169 1721 1217 erant
1759 1157 1859 1236 qui
1899 1158 2274 1217 dominentur
2323 1157 2382 1214 in
2437 1159 2682 1234 animas,
2778 1207 2779 1210 η

426 1233 667 1298 fortiter
704 1252 1034 1315 repugnare
1075 1235 1372 1328 cogimur,
1425 1235 1536 1295 nisi
1581 1234 1807 1315 perfido
1857 1234 2088 1293 silentio
2137 1232 2409 1312 prodere·
2436 1233 2684 1293 velimus

427 1321 655 1392 partam
706 1309 927 1370 Christi
972 1328 1257 1392 sanguine
1304 1312 1564 1392 gratiam.
1653 1309 1778 1369 Iam
1827 1309 1966 1389 quid
2016 1330 2144 1369 cum
2195 1311 2380 1368 tribus
2424 1309 2683 1369 decretis

429 1387 505 1448 ad
542 1384 929 1447 sublevandos
976 1385 1237 1447 infirmos
1274 1387 1480 1466 positis
1529 1385 1719 1447 simile·
1755 1384 1933 1445 hahet
1979 1385 2252 1445 immensa
2293 1385 2488 1466 legum
2531 1407 2682 1446 con-

474 1463 656 1536 eries,
717 1481 868 1542 quae
913 1481 1035 1522 non
1094 1474 1322 1522 tantum
1368 1461 1606 1524 mIseras
1663 1461 1878 1521 animas
1927 1461 2127 1521 obruit
2171 1482 2270 1522 sua
2320 1461 2481 1520 mole
2579 1463 2682 1522 sed

426 1483 605 1600 fidem
642 1557 883 1619 quoque
918 1537 1233 1616 absorbet?
1304 1539 1463 1600 Nota
1505 1551 1590 1600 est
1627 1537 1940 1620 Augustini
1981 1537 2342 1617 querimonia
2370 1538 2456 1596 ad
2494 1505 2678 1598 ianu—
2778 1547 2779 1574 ¹

430 1615 650 1689 arium,
703 1613 862 1694 quod
900 1613 1013 1675 iam
1052 1628 1195 1677 tnnc
1233 1615 1418 1676 nimio
1457 1615 1836 1675 traditionum
1877 1632 2058 1674 onere
2097 1632 2400 1694 perperam
2441 1627 2678 1697 gravata

428 1702 583 1752 esset
619 1690 909 1751 Ecclesia:
973 1711 1046 1751 an
1085 1691 1205 1764 illi,
1254 1692 1539 1766 obsecro,
1587 1689 1910 1751 tolerabilis
1959 1701 2116 1752 esset
2163 1689 2448 1750 hodierna
2495 1693 2680 1752 servi·

429 1779 557 1846 tus,
608 1787 755 1848 quae
796 1765 925 1826 fere·
957 1768 1235 1848 'centuplo
1277 1768 1483 1828 durior
1520 1770 1642 1828 est?

576 1849 632 1910 5.
707 1841 1005 1904 Ecclesiae
1055 1843 1563 1924 confirmabantur.
1662 1841 1818 1902 Hinc
1875 1842 2203 1925 colligimus
2253 1842 2438 1904 fuisse
2493 1843 2676 1904 veluti

423 1939 723 2004 parergon
762 1926 824 1979 et
860 1922 1263 1995 accessorium,
1303 1933 1370 1983 ut
1407 1933 1638 1994 vocant,
1679 1919 1836 2010 quod
1877 1919 1950 1978 de
1987 1919 2412 2011 Apostolorum
2448 1919 2676 2001 placitis
2778 1953 2779 1966 κ

332 2045 337 2056 .
422 1997 618 2080 attigit
654 1996 869 2056 Lucas:
922 2017 1057 2056 nam
1105 1996 1284 2079 longe
1332 1995 1507 2057 alium
1551 1996 1827 2058 Paulinae
1877 1997 2182 2056 doctrinae
2227 1996 2561 2076 profectum
2615 2011 2674 2056 et

422 2073 678 2134 fructum
719 2073 1119 2149 commendat,
1169 2095 1345 2154 quum
1399 2073 1665 2133 ecclesias
1717 2072 1856 2132 dicit
1907 2073 2272 2132 confirmatas
2321 2072 2495 2144 fuisse
2533 2073 2670 2132 fide.

424 2147 527 2208 Sic
568 2167 711 2232 ergo
752 2167 845 2208 res
884 2161 1146 2232 externas
1186 2150 1517 2228 composuit
1552 2145 1800 2222 Paulus,
1847 2159 1914 2207 ut
1953 2149 2262 2228 praecipue
2301 2150 2357 2208 in
2401 2150 2672 2232 Regnum

421 2223 577 2301 Dei,
630 2223 789 2304 quod
828 2223 1128 2317 Evangelii
1166 2225 1433 2286 doctrina
1475 2235 1704 2287 constat
1742 2236 1803 2284 et
1841 2237 2082 2284 externo
2122 2225 2334 2286 ordine
2372 2225 2540 2286 altius
2583 2239 2672 2286 est

310 2348 324 2373 ,
420 2317 495 2364 ac·
540 2301 949 2385 praestantius,
1008 2313 1267 2364 intentus
1315 2301 1490 2365 foret.
1591 2303 1750 2384 Ergo
1804 2301 1877 2361 de
1929 2300 2152 2382 placitis
2207 2299 2320 2365 illis
2379 2301 2528 2364 facta
2585 2315 2672 2365 est
2778 2291 2779 2320 ³

420 2379 667 2454 mentio,
706 2388 989 2458 quatenus
1028 2378 1098 2439 ad
1139 2379 1514 2441 concordiam
1552 2380 1852 2451 intererat,
1891 2390 1958 2439 ut
1994 2379 2268 2440 sciremus
2305 2392 2506 2440 sancto
2541 2382 2666 2440 viro

420 2474 551 2516 eam
601 2455 775 2516 fuisse
821 2474 1023 2517 curae=
1085 2456 1187 2520 sed
1236 2458 1540 2537 superiore
1588 2454 1767 2537 gradu
1813 2456 2042 2515 locatur
2089 2454 2298 2537 religio
2349 2468 2412 2515 et
2459 2458 2662 2537 pietas,

420 2533 581 2592 cuius
620 2532 855 2592 unicum
906 2531 1343 2593 fundamentum
1386 2546 1474 2593 est
1511 2532 1683 2604 fides,
1731 2550 1880 2609 quae
1927 2554 2122 2593 rursus
2170 2532 2292 2611 ipsa
2343 2532 2404 2591 in
2453 2556 2663 2613 purum

418 2607 536 2668 Dei
574 2607 815 2669 verbum
854 2609 1176 2686 recumbit,
1202 2618 1327 2673 'uec
1368 2608 1588 2689 pendet
1624 2610 1696 2668 ab
1739 2609 2038 2669 hominum
2080 2608 2322 2691 legibus.
2385 2609 2511 2669 Iam
2550 2610 2664 2669 hoc
2778 2618 2779 2621 ’

419 2684 687 2777 exemplo
726 2704 833 2762 nos
874 2683 1079 2745 incitat
1113 2686 1299 2747 Lucas
1339 2686 1410 2745 ad
1451 2686 1762 2746 continuos
1801 2683 1936 2745 fidei
1971 2704 2342 2766 progressus,
2395 2706 2470 2745 ne
2509 2686 2669 2745 inter

416 2761 705 2842 principia
759 2771 975 2839 torpor
1024 2774 1125 2821 aut
1180 2762 1530 2843 proficiendi
1589 2760 1889 2845 neglectus
1949 2761 2214 2841 obrepat.
2307 2762 2670 2842 Exprimitur

416 2837 591 2897 etiam
639 2836 939 2919 augendae
977 2836 1113 2896 fidei
1153 2839 1333 2911 ratio,
1382 2860 1559 2919 quum
1609 2860 1717 2899 nos
1767 2838 1988 2899 scilicet
2021 2837 2312 2897 Dominus
2357 2858 2666 2899 servorum

414 2932 657 2973 suorum
696 2929 876 2990 opera
922 2910 1227 2987 sollicitat,
1270 2914 1444 2974 sicuti
1491 2929 1634 2975 tunc
1669 2914 1834 2975 Pauli
1887 2924 1948 2974 et
1995 2914 2114 2975 eius
2163 2914 2440 2979 comitum
2481 2934 2664 2995 opera

412 3008 552 3047 usus
592 2996 695 3046 est.
786 2984 988 3059 Quum
1027 3008 1161 3048 mox
1198 2989 1466 3065 subiicit,
1515 3008 1761 3052 numero
1801 3009 2035 3071 quoque
2073 3003 2268 3049 auctas
2308 3008 2459 3065 esse,
2511 2990 2666 3049 alte-

412 3082 546 3123 rum
594 3059 829 3141 quidem
876 3062 1327 3140 praedicationis
1378 3068 1628 3127 fructum
1679 3067 2077 3128 commendat:
2127 3064 2298 3125 simul
2331 3076 2524 3124 tamen
2569 3066 2668 3125 in·

412 3136 581 3212 nuit,
636 3148 923 3217 quatenns
976 3138 1091 3199 fide
1137 3140 1458 3232 proficiunt
1505 3143 1603 3224 qui
1627 3144 1826 3281 fiprimi
1875 3156 2011 3204 sunt
2057 3143 2280 3218 vocati,
2335 3141 2532 3221 plures
2585 3143 2664 3204 ad
2778 3162 2779 3183 ¹

1669 3221 1768 3281 des
1809 3219 1977 3281 latius
2012 3218 2086 3280 ad
2121 3219 2265 3280 alios
2301 3228 2585 3300 serperet.

1761 3372 1774 3381 ο

574 3446 642 3511 6.
688 3444 939 3533 ·Qunm
1008 3457 1215 3514 autem
1280 3436 1727 3535 peragrassent
1776 3448 2115 3535 Phrygiam
2181 3458 2248 3513 et
2299 3444 2658 3515 Galaticam

407 3546 766 3633 regionem,
818 3549 999 3613 vetiti
1057 3570 1095 3613 a
1153 3550 1397 3637 Spiritu
1449 3560 1668 3614 sancto
1721 3548 1906 3635 loqui
1959 3570 2322 3615 sermonem
2375 3552 2443 3614 in
2487 3552 2659 3629 Asia,

410 3646 469 3712 7.
520 3644 803 3711 Profecti
856 3650 925 3713 in
970 3638 1250 3735 Mysiam
1302 3638 1636 3715 tentabant
1679 3650 1776 3713 ire
1831 3651 1900 3715 in
1947 3650 2318 3739 Bithyniam
2335 3658 2374 3714 ε’
2412 3660 2479 3715 et
2519 3672 2658 3717 non

404 3748 697 3833 permisit
755 3749 849 3812 eis
902 3748 1195 3835 Spiritus.
1292 3750 1353 3815 8.
1415 3749 1634 3837 Quum
1694 3762 1904 3816 autem
1956 3755 2452 3837 pertransissent
2505 3752 2660 3835 My·

403 3848 597 3924 siam,
648 3844 1127 3915 descenderunt
1168 3848 1512 3917 Troadem.
1573 3852 1652 3923 9.
1701 3848 1786 3915 Et
1834 3854 2000 3917 visio
2044 3873 2162 3938 per
2201 3863 2458 3917 noctem
2504 3872 2660 3917 con-

317 4012 323 4023 ,
402 3958 625 4033 specta
682 3956 781 4013 est
825 3946 1065 4025 Paulo,
1118 3948 1241 4013 vir
1280 3950 1561 4016 Macedo
1603 3950 1867 4037 quidam
1916 3960 2054 4017 erat
2093 3960 2266 4019 stans
2316 3962 2383 4017 et
2423 3951 2660 4039 depre-

404 4068 559 4112 cans
584 4067 766 4124 eum,
806 4068 883 4111 ac
920 4048 1171 4113 dicensi
1220 4048 1556 4117 Profectus
1595 4053 1665 4117 in
1705 4052 2156 4118 Macedoniam
2193 4072 2494 4117 succurre
2535 4072 2660 4117 no-

401 4144 522 4213 his.
606 4148 704 4214 1⁰.
742 4148 837 4213 Ut
878 4158 1087 4212 autem
1128 4150 1442 4215 visionem
1483 4150 1674 4231 vidit,
1724 4157 1930 4219 statim
1975 4154 2400 4239 quaesivimus
2443 4157 2542 4219 ire
2585 4156 2654 4219 in

326 4320 333 4329 ,
400 4244 881 4327 Macedoniam,
934 4258 1113 4314 certo
1156 4248 1546 4331 confirmati,
1595 4252 1776 4339 quod
1829 4274 1955 4321 nos
1994 4262 2286 4319 vocasset
2325 4254 2656 4323 Dominus

400 4343 485 4410 ad
528 4346 1095 4430 evangelizandum
1136 4349 1308 4437 ipsis.
