2788 4713
1145 272 1424 337 CAPUT
1461 274 1536 336 X.
2355 280 2474 341 213

188 420 295 483 ille
333 440 368 481 a
408 415 655 481 Christo
692 434 772 476 ne
808 414 1117 477 minimum
1157 416 1394 497 quidem
1433 438 1693 499 unguem
1733 417 2023 479 deflectat.
2114 418 2321 495 Quum
2359 439 2464 478 au·-

188 499 383 560 dimus
433 489 717 555 credendo
775 492 897 554 acci
944 493 963 552 i
1008 493 1450 569 remissionem,
1511 496 1598 555 vis
1659 507 1719 556 et
1767 507 1973 555 natura
2021 493 2158 555 fidei
2205 496 2463 557 tenenda

186 570 559 715 321.ῗὲἓὲ
580 568 907 707 Uimi&
945 570 2461 709 ῗίηἰῗίἵέἒὶεῗίἒῖῗὲῗὲξῖ“”“ἰ;ω““ἰὲἷὶἰὶοῦξὶῗζῖ

187 726 421 789 affectu
462 744 591 783 enm
630 721 929 802 amplecti,
964 722 1149 804 qualis
1186 722 1248 783 in
1291 723 1609 806 Evangelio
1651 668 2026 804 pssoss'ouitur.
2083 723 2174 783 Ita
2209 724 2352 785 fides
2393 743 2463 784 ex

186 797 688 885 promissionibus
740 799 978 879 pendet.
1078 799 1331 859 Videtur
1378 810 1576 859 tamen
1629 819 1940 880 perperam
1988 797 2179 870 facere
2226 800 2463 876 Petrus,

191 877 363 960 quod
412 896 591 955 quum
638 874 757 935 duo
797 875 1113 956 praecipua
1153 874 1422 937 Christus
1469 875 1644 939 nohis
1695 876 1986 950 attulerit,
2033 876 2272 935 nonnisi
2311 876 2462 936 alte-
2535 872 2550 899 ’

191 976 331 1017 rum
382 973 449 1012 ex
497 950 583 1011 his
620 963 1063 1012 commemorat.
1136 950 1311 1012 Nulla
1362 952 1522 1013 enim
1573 952 1668 1013 hic
1717 951 2227 1034 poenitentiae'et
2271 972 2462 1011 novae

192 1032 355 1091 vitae
390 1029 459 1087 fit
493 1028 741 1103 mentio,
781 1047 931 1108 quae
968 1028 1029 1088 in
1056 1026 1373 1110 Evangelii·
1400 1050 1623 1089 summa
1657 1028 2042 1109 praetermitti
2080 1028 2318 1087 minime
2357 1028 2462 1087 de-

194 1106 425 1168 bnerat.
494 1104 615 1163 Sed
646 1104 953 1185 responsio
995 1102 1179 1165 facilis
1209 1116 1327 1181 est,
1378 1106 1892 1189 regenerationem
1919 1105 1964 1165 S
2009 1104 2171 1165 iritus
2201 1103 2308 1164 suh
2341 1102 2462 1165 fide

198 1179 623 1263 comprehendi
657 1180 830 1241 sicuti
868 1183 993 1241 eius
1032 1191 1124 1241 est
1160 1181 1428 1242 effectus.
1489 1182 1640 1242 Nam
1679 1182 1816 1243 ideo
1857 1202 1954 1243 cre
1997 1182 2142 1241 imus
2182 1180 2242 1239 in
2284 1180 2462 1242 Chri-

193 1272 379 1333 stum,
416 1257 635 1349 partim
674 1268 741 1316 ut
776 1257 1030 1349 gratuita
1069 1256 1752 1338 iustitiaeimputatione
1791 1258 2060 1319 restituat
2095 1278 2206 1317 nos
2245 1256 2308 1316 in
2343 1256 2462 1316 Pa-

58 1357 70 1367 ·
190 1336 301 1397 tris
337 1347 605 1419 gratiam,
642 1344 853 1414 partun
894 1346 1107 1395 ut.nos
1149 1334 1381 1415 Spiritu
1417 1356 1526 1397 suo
1563 1334 1904 1396 sanctificet.
1963 1336 2045 1394 Et
2081 1334 2314 1409 scimus,
2351 1332 2480 1395 hac'

190 1412 333 1495 lege
374 1432 487 1471 nos
524 1410 641 1471 ado
684 1410 798 1469 tari
846 1431 879 1469 a
917 1408 1052 1470 Deo
1101 1410 1163 1470 in
1214 1409 1397 1486 filios,
1441 1422 1511 1471 ut
1556 1411 1782 1491 Spiritu
1829 1432 1939 1471 nos
1986 1430 2094 1471 suo
2145 1408 2459 1491 gubernet.

194 1489 351 1550 Satis
389 1507 455 1547 er
498 1508 535 1547 o
581 1484 651 1547 ha
698 1485 789 1545 uit
824 1485 1035 1547 Petrus
1075 1487 1411 1559 ostendere,
1454 1488 1756 1569 quomodo
1793 1486 2085 1560 homines,
2123 1486 2224 1565 qui
2250 1497 2462 1549 natura

192 1586 231 1629 a
269 1564 403 1625 Deo
440 1584 475 1623 a
502 1563 679 1623 ienati
718 1573 905 1638 erant,
942 1584 1076 1623 cum
1114 1562 1244 1644 ipso
1284 1563 1530 1624 redeant
1565 1563 1628 1623 in
1667 1564 1931 1647 gratiam.
2001 1562 2184 1639 Quod
2225 1562 2295 1623 ad
2331 1575 2458 1622 ter-

191 1642 345 1703 tium
378 1639 711 1701 membrum
780 1639 1013 1712 ertinet,
1055 1659 1177 1699 non
1218 1660 1367 1720 opus
1407 1650 1497 1699 est
1533 1660 1845 1701 recensere
1883 1656 2088 1701 omnes
2125 1638 2462 1719 Propheta-

192 1738 329 1779 rum
366 1717 556 1790 locos,
592 1714 697 1775 ubi
794 1714 1037 1776 hristum
1074 1715 1465 1777 Mediatorem
1502 1728 1868 1797 proponunt,
1947 1716 2008 1775 ui
2045 1716 2278 1776 veniam
2316 1734 2462 1796 pec-

192 1794 342 1855 eatis
378 1792 595 1855 nostris
634 1792 1005 1872 impetrando
1044 1791 1241 1851 Deum
1279 1791 1452 1853 nohis
1490 1793 1798 1874 propitiet:
1844 1738 1944 1854 sell
1980 1792 2130 1854 haec
2167 1791 2281 1852 illis
2319 1810 2460 1873 per-

242 1884 373 1931 etna
410 1882 499 1931 est
538 1867 791 1929 docendi
830 1866 979 1929 ratio
1031 1889 1064 1929 a
1104 1870 1266 1949 quasi
1313 1869 1519 1951 regula
1570 1882 1640 1929 ut
1685 1870 1816 1951 pios
1867 1888 2074 1930 omnes
2122 1868 2194 1929 ad
2233 1868 2458 1927 'foedus

188 1892 339 2011 siud
386 1950 703 2019 revocent,
764 1944 925 2023 quod
968 1944 1133 2007 Deus
1184 1945 1516 2007 Mediatore
1575 1946 1929 2027 interposito
1979 1940 2115 2006 cum'
2158 1942 2458 2004 Abraham

192 2024 524 2109 pepigerat.
613 2022 815 2081 Porro.
851 2020 967 2082 hoc
1006 2033 1182 2103 eaput
1216 2044 1289 2083 co
1374 2023 1462 2083 itu
1499 2020 1666 2084 valde
1703 2023 2092 2083 necessarium
2131 2032 2250 2097 est,
2301 2018 2458 2081 Gra-

192 2103 335 2163 tiam
391 2118 539 2180 qnae
592 2096 851 2157 exhibita
898 2097 1133 2159 demum
1194 2120 1225 2159 a
1274 2041 1518 2161 Christo
1581 2098 1694 2159 fuit
1747 2101 1994 2160 eandem
2053 2118 2207 2174 esse,
2280 2118 2454 2177 quam

192 2179 320 2239 Lex
358 2190 419 2237 et
453 2172 791 2254 Prophetae
828 2172 975 2234 olim
1011 2174 1281 2236 Patribus
1316 2176 1662 2257 sperandam
1700 2174 2026 2236 tradebant.
2101 2172 2458 2235 Praesertim

194 2254 351 2392 apud
402 2250 751 2315 Comelium
800 2262 863 2341 et
906 2251 1121 2312 similes
1172 2250 1487 2333 plurimum
1532 2249 1792 2329 valebat,
1843 2254 1942 2333 qui
1981 2251 2157 2332 Legis
2208 2262 2268 2310 et
2301 2250 2458 2309 Pro-

192 2354 237 2416 Ρ
280 2343 503 2392 etatum
552 2338 877 2389 reverentia
927 2327 1137 2390 imbuti
1188 2340 1381 2405 erant,
1429 2341 1496 2390 ut
1543 2329 1762 2390 scirent
1807 2329 1870 2389 in
1923 2327 2162 2390 Christo
2213 2346 2278 2387 re
2330 2326 2455 2406 ipsa

196 2429 341 2546 {315
340 2409 653 2543 “rme'‘
683 2403 1281 2563 {33⁹¹·i2‘t¹²¹¹1¹„13.³;⁸.31
1310 2405 1674 2542 Ἓὲεἳεξῖξὲρ
1678 2405 2162 2541 23222'1223123
2163 2404 2458 2539 'iiaiffii

198 2559 461 2622 docendi
506 2559 751 2620 sormam
790 2580 923 2618 cum
964 2559 1309 2638 Prophetis,
1362 2557 1662 2620 Christum
1709 2577 1815 2618 suo
1867 2555 2186 2640 praeconio
2240 2572 2455 2615 ornare
2503 2576 2516 2590 ’

194 2637 501 2709 studeant,
554 2634 780 2696 assidue
837 2646 1135 2696 testentur
1184 2633 1256 2696 ab
1308 2653 1381 2695 eo
1431 2655 1552 2694 uno
1605 2633 1922 2716 petendam
1973 2651 2098 2693 esse
2155 2630 2455 2704 iustitiam,

194 2732 353 2796 quae
390 2712 637 2795 gratuita
675 2723 1048 2792 peccatorum
1090 2711 1435 2772 remissione
1474 2723 1722 2771 constat.
1792 2711 1953 2770 llaec
1991 2708 2172 2792 longe
2211 2707 2322 2768 alia
2365 2717 2455 2766 est

190 2801 489 2862 vetustas,
538 2809 707 2868 quam
760 2807 911 2868 quae
956 2809 989 2848 a
1040 2787 1291 2870 Papistis
1342 2787 1674 2848 ostenditur
1721 2808 1850 2848 cum
1881 2797 2107 2868 ‘magna
2157 2783 2470 2856 iactantia,

194 2867 337 2928 dum
386 2887 499 2948 pro
554 2865 852 2948 sanguinis
901 2865 1125 2930 Christi
1183 2864 1381 2951 pretio
1438 2863 1646 2949 putida
1698 2863 2162 2926 satisfactionum
2218 2881 2450 2924 suarum

192 2943 476 3028 figmenta
510 2941 815 3026 ingerunt.
2463 2933 2470 2959 ¹

358 3166 464 3232 44.
557 3163 797 3231 Adhuc
858 3163 1173 3252 loquente
1226 3165 1428 3232 Petro
1474 3163 1677 3231 verba
1731 3163 1922 3242 haec,
1982 3159 2289 3249 delapsus
2355 3170 2455 3255 est

190 3269 473 3358 Spiritus
542 3279 800 3334 sanctus
872 3289 1071 3354 super
1133 3287 1389 3345 omnes,
1470 3269 1584 3354 qui
1651 3262 2004 3331 audiebant
2062 3281 2452 3328 sermonem:

190 3371 303 3439 45.
347 3369 433 3436 Et
467 3367 958 3456 obstupuerunt,
1001 3367 1113 3455 qui
1155 3389 1232 3433 ex
1272 3369 1761 3432 circumcisione
1803 3373 1988 3432 erant
2025 3362 2276 3441 fideles,
2313 3363 2452 3448 qui-

190 3490 454 3558 cunque
496 3478 813 3536 venerant
853 3491 995 3533 cum
1032 3468 1247 3548 Petro,
1290 3466 1471 3555 quod
1515 3471 1703 3532 etism
1743 3488 1943 3553 super
1984 3463 2234 3530 Gentes
2275 3463 2453 3528 dona

190 3573 404 3638 sancti
454 3571 731 3660 Spiritus
786 3568 992 3635 effusa
1048 3578 1279 3640 essent.
1373 3567 1477 3634 46.
1537 3565 1914 3632 Audiebant
1965 3567 2134 3631 enim
2189 3585 2305 3629 eos
2353 3560 2455 3626 lo·

190 3681 471 3760 quentes
511 3671 787 3759 linguis,
824 3679 891 3735 et
930 3666 1369 3756 glorificantes
1408 3667 1642 3734 Deum.
1727 3669 1918 3734 Tunc
1953 3664 2293 3754 respondit
2331 3663 2453 3726 Pe-

190 3785 363 3840 trum
439 3773 541 3838 47.
593 3770 929 3861 Numquid
968 3792 1199 3857 aquam
1240 3765 1596 3855 prohibere
1637 3770 1782 3855 quis
1822 3777 2068 3854 potest,
2109 3765 2454 3853 quominus

186 3873 607 3960 baptizentur
688 3869 787 3938 hi‘
842 3873 955 3958 qui
1026 3870 1332 3955 Spiritum
1418 3879 1807 3958 acceperunt
1887 3871 2075 3934 sicuti
2150 3875 2216 3930 et
2288 3862 2452 3926 nos?

188 3975 298 4040 48.
348 3974 667 4061 Iussitque
721 3993 837 4039 eos
884 3969 1199 4057 baptizari
1250 3971 1319 4034 in
1365 3973 1630 4036 nomine
1670 3970 1956 4036 Domini.
2041 3953 2231 4054 T'unc
2269 3981 2456 4046 roga-

190 4083 349 4142 runt
386 4077 629 4160 ipsum,
678 4084 752 4140 ut
789 4082 1081 4140 maneret
1124 4069 1267 4135 dies
1308 4069 1573 4158 aliquot.
2167 4057 2192 4086 ⁶

350 4245 445 4304 44.
532 4234 757 4302 Aoum
806 4238 1067 4318 Ῑοςυαιω
1115 4241 1309 4296 Petro.
1407 4235 1530 4296 Iam
1591 4255 1748 4296 novo
1807 4227 2086 4294 miraculo
2148 4227 2458 4291 confirmat

193 4317 397 4392 Dens,
446 4316 778 4378 doctrinam
804 4311 1117 4398 Evangelii
1154 4317 1243 4373 sui
1270 4311 1546 4394 gentibus
1587 4329 1882 4390 peraeque
1919 4331 1988 4368 ac
2024 4304 2254 4396 Iudaeis
2292 4323 2458 4395 com-

192 4411 439 4464 munem
488 4411 635 4456 esse.
730 4392 1021 4474 Adeoque
1067 4389 1187 4452 hoc
1230 4387 1554 4452 vncationis
1603 4385 1866 4468 gentium
1921 4381 2154 4464 insigne
2203 4380 2462 4466 sigillum
