2788 4713
1036 240 1311 304 exem·
1350 241 1506 304 m
1535 266 1544 277 ·
1959 273 1964 280 ·
2271 245 2396 310 ’881

160 385 399 467 quando
444 404 571 450 non
614 386 801 450 solnm
839 386 1131 448 Dominus
1178 407 1271 448 eas
1319 406 1351 448 a
1399 405 1546 467 pura
1581 383 1884 466 Evangelii
1922 385 2198 448 doctrina
2225 402 2396 465 sepa*

158 464 277 524 rari
311 483 509 542 passus
548 483 671 529 non
711 475 829 536 est,
864 465 967 526 sed
1003 476 1123 527 tam
1160 482 1369 530 severe,
1399 462 1552 524 ultus
1591 472 1679 520 est
1715 476 1850 536 eos,
1882 509 1884 511 .
1925 462 1983 520 ui
2007 474 2400 552 praepostere

160 559 259 600 eas
306 539 379 600 ad
424 559 559 600 suos
605 541 951 600 exorcismos
994 539 1329 602 trahebant:
1378 539 1536 598 unde
1575 557 1800 596 rursum
1841 557 1912 596 co
1937 535 2162 618 ligitur,
2212 557 2396 617 quae·-

156 634 401 693 cunque¹
422 615 643 678 Christi
680 635 895 676 nomen
934 616 1253 676 obscurant
1300 613 1572 676 miracula
1611 611 1946 693 praestigias
1993 633 2115 674 esse
2155 614 2398 690 diaboli,

158 689 425 752 falsarios
460 703 655 758 autam
693 711 859 763 esse..
886 692 987 774 qui
1024 712 1161 754 vera
1198 692 1313 753 Dei
1350 690 1624 754 miracula
1659 686 1776 748 alio
1815 687 2082 762 trahunt,
2119 711 2288 768 qnam
2327 702 2398 762 un

156 765 450 828 sanciatur
486 787 635 847 pura
669 767 899 848 religio,
1238 822 1247 832 ,
1711 807 1722 832 ³
2369 815 2378 830 .

372 839 569 902 «sidem
612 849 948 904 exorcistae.
1044 845 1183 904 Non
1234 843 1440 904 dubito
1492 845 1632 922 quin
1683 861 1890 900 munus
1941 839 2054 900 hoc
2099 859 2166 903 ex
2217 839 2396 918 stulta

156 936 327 978 acmn
350 919 547 980 atione
586 921 889 999 prodierit.
988 919 1149 980 Dens
1185 942 1343 982 suam
1382 921 1704 1000 potentiam
1745 916 1899 976 inter
1935 915 2184 986 Iudaeos
2225 916 2396 978 variis

156 995 349 1056 modis
389 1013 657 1056 exercere
692 996 897 1058 solitus
938 1007 1093 1068 erat,
1140 1007 1203 1056 et
1254 996 1558 1076 Prophetis
1587 994 1754 1060 ‘olim
1801 1009 1936 1059 usus
1986 991 2177 1052 suerat
2221 991 2396 1052 mini·-

134 1072 289 1130 -stris
324 1069 395 1134 ad
436 1071 723 1154 fugandos
759 1073 1103 1132 daemonest
1154 1073 1269 1134 hoc
1320 1083 1618 1152 praetextu
1665 1070 2010 1132 exorcismos
2055 1065 2168 1138 sibi
2212 1067 2396 1158 fluxe,-

154 1159 325 1220 runt,
375 1159 435 1208 at
476 1167 551 1208 ue
604 1148 739 1208 binc
787 1160 1006 1207 temere
1052 1160 1309 1208 erectum
1350 1160 1438 1210 est
1475 1145 1990 1217 extraordinarium
2027 1163 2232 1211 munus
2269 1163 2398 1216 sino

150 1221 269 1282 Dei
308 1243 459 1290 man!
480 1236 598 1286 ato.
662 1223 872 1285 Potest
908 1223 1085 1287 etiam
1124 1225 1275 1298 fieri,
1310 1236 1376 1285 nt
1396 1224 1530 1284 Deo
1570 1223 1651 1286 sic
1681 1221 1986 1282 ordinante
2011 1220 2084 1282 ali
2129 1218 2223 1290 uid
2261 1239 2396 1300 per-

154 1299 437 1373 fecerint,
462 1320 587 1360 non
628 1299 793 1380 quod
832 1299 1051 1359 faveret
1088 1312 1483 1392 praepostere,
1519 1301 1634 1368 sed,
1661 1311 1738 1366 ut,
1753 1297 2005 1377 patriam
2046 1315 2110 1354 re
2135 1295 2395 1375 igionem

152 1375 429 1438 libentius
465 1373 735 1436 colerent
770 1394 952 1454 usqne
990 1377 1062 1436 ad
1087 1375 1319 1442 -Cbristi
1354 1378 1684 1440 adventum.
1781 1373 1906 1432 Sub
1947 1391 2135 1453 regno
2174 1370 2396 1434 Christi

154 1451 299 1510 fecit
342 1469 516 1530 prava
562 1451 837 1525 ambitio,
884 1462 951 1518 ut
988 1452 1301 1515 Christiani
1348 1475 1478 1516 cum
1519 1450 1752 1514 ludaeis
1799 1460 2107 1517 certarent.
2194 1445 2396 1511 Creati

150 1539 293 1588 snut
330 1527 487 1588 euim
516 1525 827 1596 ‚hominum
868 1527 1108 1588 arbitrio
1147 1529 1498 1590 exorcistae:
1552 1527 1782 1599 deinde,
1819 1536 1886 1596 ut
1919 1545 2150 1604 semper
2189 1524 2244 1585 in
2273 1523 2394 1595 ‚dc-

153 1604 335 1665 terius
374 1602 605 1682 prolabi
640 1601 797 1662 solet
828 1604 1185 1682 superstitio,
1224 1604 1334 1671 hoc
1364 1605 1600 1667 clericis
1632 1601 2048 1670 suisjomuihus
2080 1620 2394 1674 commone

148 1697 293 1744 esse,
342 1676 777 1756 voluit·Papa„,
840 1679 939 1759 qui
996 1680 1067 1740 ad
1128 1681 1410 1749 maiorem
1465 1681 1712 1762 gradum
1759 1676 2152 1758 pusnovendi.
2207 1687 2392 1738 eraut-

148 1755 469 1832 Postqnam
508 1755 665 1814 euim
705 1753 841 1815 facti
864 1765 1013 1820 ,snut
1050 1755 1309 1828 ostiarii‚·
1330 1755 1618 1836 extemplo
1647 1753 1766 1824 ,illis
1803 1751 2128 1826 coniuratio
2156 1751 2395 1822 daemo-

150 1851 293 1889 num
332 1820 825 1909 mandatur,'ipsa
872 1842 1067 1892 autem
1120 1832 1472 1912 experientia
1561 1832 1691 1894 lane
1737 1849 1802 1890 se
1839 1827 2114 1890 ridiculos
2155 1827 2392 1893 faciunt

148 1904 347 1964 Fater-i
374 1904 527 1964 enim
554 1918 864 1986 coguntur,
902 1908 1135 1966 inanem
1185 1920 1247 1967 et
1290 1912 1416 1967 sine
1457 1910 1520 1968 es
1543 1921 1674 1970 ectu
1714 1927 1776 1965 se
1814 1904 2045 1964 titulum
2087 1904 2389 1964 conferre:

150 2001 303 2044 nam,
326 1979 429 2040 ubi
471 1979 743 2055 facultas,
780 2002 892 2074 qna
933 1983 1215 2044 diabolos.
1243 1985 1548 2044 adiurent?
1608 1996 1669 2057 et
1707 1983 1816 2062 ipsi
1839 1979 2168 2043 :exorcistae
2195 1978 2390 2040 mani-

146 2055 301 2118 festo
353 2053 608 2116 ludibrio
654 2059 973 2139 suscipiunt
1023 2081 1229 2119 munus
1280 2061 1438 2140 quod
1496 2067 1808 2140 nunquam‘
1847 2065 2170 2118 exerceant.
2269 2055 2392 2117 sed

142 2131 267 2194 hoc
293 2131 527 2196 ‚seilicet
564 2133 692 2194 iure
726 2135 969 2208 accidit,
1016 2147 1082 2194 ut
1111 2137 1311 2197 nullus
1348 2138 1424 2197 sit
1461 2157 1726 2198 errorum
1765 2135 1921 2208 finis,
1959 2133 2072 2193 »nbi
2121 2153 2153 2192 a
2203 2131 2390 2193 verbo

144 2209 267 2268 nei
292 2207 635 2272 disceditur.
712 2209 1013 2285 Quantum
1054 2213 1127 2274 ad
1166 2214 1305 2274 istos
1342 2228 1592 2293 spectat,
1633 2211 1960 2304 colligimus
2002 2209 2172 2272 fuisse
2211 2230 2390 2289 vagos

146 2305 389 2346 errones
432 2296 492 2343 et
530 2283 793 2346 homines
835 2285 1361 2361 circumforaneos,
1413 2289 1610 2369 quales
1651 2288 1825 2348 hodie
1863 2285 2030 2344 multi
2069 2297 2391 2344 cernuntur

144 2365 210 2423 in
262 2363 513 2441 Papatu:
577 2356 719 2420 dicit
764 2362 918 2421 enim
966 2364 1385 2437 circumivisse,
1475 2382 1550 2425 uo
1604 2362 1786 2423 verbo
1834 2360 2124 2443 significat
2172 2358 2284 2421 buc
2331 2367 2393 2421 et
2501 2371 2508 2381 ⁸

144 2438 319 2514 illue,
362 2448 539 2515 prout
578 2437 817 2496 fallendi
854 2441 1082 2497 occasio
1124 2440 1399 2511 dabatur,
1484 2441 1660 2499 exisse
1700 2442 1830 2499 iter.

288 2512 665 2576 vidtur-cmm
714 2533 813 2573 vos
852 2534 961 2587 per
1004 2512 1217 2575 Iesum
1306 2515 1632 2578 Verisimile
1683 2530 1804 2585 est,
1849 2511 2198 2591 impostores
2247 2510 2390 2573 istos

144 2590 482 2673 confugisse
528 2590 598 2649 ad
656 2587 872 2650 Christi
921 2610 1171 2661 nomeu,
1232 2600 1301 2649 ut
1348 2611 1556 2653 novam
1603 2601 1951 2671 potestatem
2000 2588 2392 2665 acquirerent,

146 2688 329 2749 quam,
358 2664 517 2761 prius
558 2662 841 2724 fallaciter
875 2664 1257 2739 iactaverant‚
1309 2666 1400 2725 vel
1451 2666 1580 2746 quia
1631 2677 1952 2727 cessarent
2001 2662 2234 2723 facultas
2276 2684 2390 2745 qua

140 2742 393 2825 praediti
435 2742 697 2813 fuerant,
743 2752 813 2799 ut
857 2742 1143 2801 tenebras.
1168 2742 1538 2802 obducerent
1575 2739 1907 2825 Evangelio.
2007 2738 2236 2819 Duplex
2284 2761 2390 2799 au-

138 2818 415 2880 cem‘fnit
453 2820 617 2880 huius
656 2816 1308 2890 invocationis=-vitium:-
1356 2841 1488 2879 uam
1527 2841 1706 2899 quum
1752 2818 1927 2881 alieni
1973 2817 2093 2877 sint
2138 2838 2171 2877 a
2217 2814 2388 2879 Pauli

144 2894 448 2967 doctrina,
500 2896 625 2955 sine
676 2892 791 2953 fide
842 2894 963 2955 eins
1045 2904 1299 2963 raetextu
1337 2896 1657 2956 abutuntur
1683 2893 1964 2975 quasi-ad
2007 2892 2254 2985 magicas
2293 2892 2386 2974 in·-

142 2970 530 3033 cantationes:
578 2970 814 3041 deinde,
854 2915 1038 3053 qumf·
1054 2993 1175 3032 non
1218 2982 1304 3031 est
1344 2973 1400 3031 in
1443 2972 1744 3031 hominum
1784 2992 1980 3042 mann,
2014 2968 2126 3030 situ
2165 2968 2386 3061 absque

140 3049 450 3113 vocatione
486 3048 604 3107 Dei
642 3058 937 3126 usurpant.
1010 3047 1296 3127 Legitima
1342 3060 1534 3111 autem
1589 3048 1842 3108 nominis
1889 3046 2006 3105 Dei
2053 3058 2114 3105 et
2165 3046 2388 3108 Christi

140 3126 451 3191 invocatio,
488 3136 611 3203 cst,
674 3124 774 3203 qni
824 3123 937 3183 fide
988 3124 1288 3207 dirigitur,
1346 3145 1458 3185 nec
1516 3124 1744 3186 excedit
1797 3123 2120 3203 vocationis
2179 3136 2380 3185 metas.

140 3202 344 3292 Quare
380 3220 693 3259 monemur
729 3200 841 3259 boc
879 3202 1163 3281 exemplo,
1211 3221 1285 3261 ne
1322 3199 1538 3263 similes
1578 3203 1778 3263 demus
1817 3198 2104 3281 sacrilegii
2140 3217 2388 3287 poenas²

140 3274 290 3336 mhil
340 3276 451 3335 nisi
495 3274 866 3355 praelucente
914 3276 1032 3336 Dei
1078 3276 1259 3338 verbo
1312 3297 1437 3337 esse
1483 3274 1846 3339 tentandum.
1921 3274 2211 3335 Dominus
2260 3275 2386 3357 ipse

140 3373 255 3413 nos
294 3351 379 3410 ad.
403 3368 607 3431 preces
643 3348 860 3411 invitat.
926 3351 1280 3433 Quicunque
1319 3352 1730 3431 miraculorum
1773 3353 1931 3413 dono
1971 3348 2218 3432 praediti
2257 3372 2382 3421 non

138 3438 299 3501 sunt,
338 3445 401 3487 se
441 3426 590 3486 intra
633 3427 765 3487 istas
800 3438 979 3487 metas
1020 3429 1388 3489 contineant:
1431 3450 1562 3490 nam
1595 3428 1892 3507 Apostoli,
1933 3449 2110 3507 quum
2145 3426 2382 3511 spiritus

136 3502 467 3579 immundos
508 3503 660 3562 exire
706 3502 955 3584 imperio
995 3504 1324 3596 cogebant,
1354 3502 1563 3588 ⁶Deum
1608 3504 1899 3565 habebant
1937 3516 2268 3581 auctorem,
2314 3498 2386 3569 ac'

133 3578 399 3641 sciebant
432 3576 785 3649 ministerio,
826 3579 985 3659 qnod
1025 3580 1377 3651 iniunxerat,
1418 3579 1666 3639 fideliter
1701 3579 1979 3647 se,defun
2029 3580 2062 3639 i.

290 3658 384 3721 16.
434 3648 731 3715 ‘Insiliaens
766 3658 827 3713 in
864 3676 958 3713 eos
994 3652 1176 3715 homo.
1246 3654 1557 3717 Tribuitur
1593 3646 1815 3717 bomini
1853 3678 1970 3735 quo
2053 3677 2156 3737 per
2191 3656 2382 3737 ipsum

134 3728 405 3793 diabolus
450 3725 685 3803 ⁸effecit.
789 3732 1017 3791 Tantae
1074 3732 1257 3801 enim,
1286 3730 1597 3793 violentiae
1655 3754 1760 3814 par
1795 3754 1950 3793 ,nou
2013 3732 2243 3806 fuisset,
2313 3744 2388 3799 ut

135 3820 363 3889 septem
416 3805 687 3867 robustos
737 3806 973 3866 iuvenes
1020 3808 1301 3873 sauciatos
1353 3818 1414 3867 et
1458 3801 1710 3873 vestibus
1759 3810 2006 3871 nudatos
2047 3809 2378 3889 proiieeret.

136 3882 465 3961 Quomodo
502 3892 692 3955 autem
733 3881 997 3943 diabolus
1036 3882 1097 3943 in
1136 3882 1471 3943 hominibus
1511 3884 1753 3959 habitet,
1789 3898 1953 3947 certo
1981 3884 2223 3944 definire
2253 3904 2382 3945 non

133 3960 309 4033 licet,
351 3957 460 4020 nisi
502 3958 659 4039 quod
699 3957 873 4019 statui
920 3967 1117 4037 potest
1152 3960 1454 4021 antithesis
1491 3962 1644 4023 inter
1681 3962 1800 4023 Dei
1840 3962 2124 4042 Spiritum
2165 3970 2226 4019 et
2265 3958 2378 4023 Sa-
2441 4020 2452 4029 ,

128 4048 321 4098 tanae.
410 4036 563 4097 Nam
610 4034 1095 4115 quemadmodum
1136 4034 1349 4099 Paulus
1401 4038 1605 4114 docet,
1654 4060 1760 4101 nos
1812 4057 1935 4099 esse
1972 4037 2089 4097 Dei
2134 4033 2377 4115 templa,

132 4113 269 4193 qnia
310 4111 561 4195 Spiritus
601 4110 719 4181 Dei
757 4108 975 4171 habitat
1015 4111 1073 4172 in
1113 4111 1314 4184 nobis,
1350 4112 1432 4175 sic
1470 4136 1696 4177 rursum
1737 4114 1898 4188 dicit,
1937 4112 2203 4173 Satanam
2244 4108 2376 4169 effi-

132 4188 353 4251 caciter
386 4206 560 4282 agere
601 4184 659 4248 in
700 4186 971 4259 omnibus
1010 4184 1351 4259 incredulis..
1417 4188 1734 4251 Sciendum
1772 4202 1968 4253 tamen
2006 4187 2376 4264 est,.anam

130 4262 225 4325 bie
272 4266 349 4327 de
399 4264 680 4347 singulari
731 4263 1026 4325 babitandi
1074 4264 1253 4327 modo
1304 4284 1517 4351 agere,
1562 4288 1694 4329 cnm
1741 4262 1965 4326 s'cilicet
2011 4264 2090 4327 ita
2127 4262 2374 4325 Satanae

129 4339 361 4403 frenum
396 4340 738 4425 laxaturJ‘ut
775 4350 967 4401 totum
1007 4342 1303 4439 bominem
1321 4353 1594 4422 occupet.
1680 4342 1874 4405 Porro
1917 4340 2036 4403 talc
2071 4340 2372 4423 specimen
