2788 4713
867 306 877 321 ,
1064 238 1339 303 CAPUT
1376 240 1543 307 xm.
1575 296 1581 320 ,
2067 220 2080 239 ⁸
2305 238 2416 313 261

166 382 467 447 statutum
498 379 645 443 illud
680 379 911 445 Iudaeis
946 383 1007 445 in
1030 402 1149 463 quo
1184 372 1558 447 haerebant?
1595 384 1716 447 Lex
1739 384 1971 469 quidem
1989 388 2412 466 ceremonialis,

170 459 543 543 paedagogia
582 478 707 519 esse
753 458 1065 535 debuerat,
1116 478 1265 552 quae
1310 462 1383 521 ad
1425 460 1720 523 Christum
1769 482 1870 523 eos
1913 486 2088 527 manu
2140 466 2410 529 duceret:

168 538 327 598 ritus
366 555 571 597 omnes
606 556 639 595 a
674 534 810 595 Deo
846 546 1141 617 praecepti
1178 536 1524 598 adminicula
1559 550 1724 597 erant
1757 540 2034 601 iuvandae
2073 555 2135 603 et
2167 563 2414 622 promo·-

166 613 405 674 vendae
444 629 647 671 eorum
686 610 821 670 fidei
860 613 1021 687 data,
1078 612 1195 673 sed*
1238 624 1307 673 ut
1364 608 1746 694 praepostere
1789 636 1948 675 sacra
1985 615 2102 676 Dei
2148 618 2412 681 instituta

172 706 564 767 corrumpere
602 686 927 749 bominibus
964 708 1093 749 mos
1129 698 1251 763 est,
1292 690 1638 750 ceremoniis
1675 690 1822 751 viam
1867 690 1979 751 sibi
2029 691 2414 755 obstruebant

178 776 247 823 et
283 765 513 824 ianuam
560 762 694 821 fidei
740 762 1117 839 claudebant,
1171 783 1248 823 ne
1286 767 1554 825 venirent
1601 765 1674 825 ad
1711 766 2027 827 Christum.
2119 769 2409 833 'Iustitiam

174 860 245 900 se
284 838 345 899 in
384 838 671 899 sacrificiis
708 838 925 901 babere
974 838 1289 920 putabant,
1338 840 1639 920 baptismis
1689 843 1910 922 acquiri
1945 864 2140 904 veram
2177 846 2407 906 mnndi-

176 916 345 989 tiem,
381 914 571 975 Deum
608 912 719 975 sibi
758 914 1045 995 placatum
1084 935 1207 977 esse
1244 914 1349 976 ubi
1382 917 1636 979 externis
1672 938 1810 998 pom
1855 919 1900 979 is
1921 918 2180 979 defuncti
2212 933 2406 981 erant:

178 990 245 1050 in
286 1012 541 1067 summa,
595 988 801 1053 relicto
840 1012 1093 1072 corpore
1138 993 1339 1056 inanes
1376 992 1608 1053 umbras
1641 1014 1822 1074 appre
1865 994 2175 1057 endebant.
2247 994 2408 1057 Nihil

178 1066 415 1146 quidem
455 1064 657 1126 inutile
692 1065 785 1127 vel
821 1065 1101 1129 lusorium
1136 1069 1466 1130 instituerat
1500 1068 1660 1130 Deus
1698 1070 1758 1129 in
1795 1070 1986 1151 Leg'e:
2025 1091 2204 1151 quare
2241 1089 2408 1131 cere-

174 1142 413 1203 moniae
458 1142 569 1203 fida
626 1154 793 1203 erant
843 1156 905 1203 et
950 1143 1189 1205 indubia
1234 1145 1564 1206 testimonia
1616 1146 1964 1207 remissionis
2012 1160 2407 1225 peccatorum,

172 1218 609 1375 2522532‘3„
622 1219 1111 1373 ‘'2535‘3'J1q2335
1112 1231 1139 1281 ²
1171 1220 1462 1355 ⁰333
1475 1220 2405 1359 „tssflsszstiss‘ti‘it‘z„tffltss’

168 1382 235 1430 et
272 1372 529 1433 coeleste
576 1370 865 1452 exemplar
910 1370 1267 1433 tabernaculi
1319 1372 1514 1447 (Rom.
1554 1380 1658 1447 10,
1695 1378 1774 1452 4.)
1821 1374 1899 1434 ita
1947 1318 2406 1435 ceremoniarimi

168 1447 435 1511 omnium
472 1446 547 1507 ab
590 1466 662 1507 eo
702 1447 999 1527 pendebat
1033 1449 1115 1509 vis
1156 1459 1217 1507 et
1254 1447 1525 1507 effectus:
1568 1449 1722 1519 unde
1762 1450 2098 1525 conficitur,
2137 1450 2405 1512 evanidas
2491 1506 2504 1519 ,

168 1521 349 1583 fuisse
388 1522 622 1586 umbras
660 1542 733 1583 eo
770 1534 1023 1585 remoto.
1105 1524 1257 1585 Vere
1294 1544 1440 1606 ergo
1459 1524 1669 1585 Paulus
1693 1524 1945 1607 detrahit
1967 1524 2114 1608 Legi
2151 1525 2404 1587 iustitiae

172 1618 437 1673 eausam,
472 1610 541 1659 ut
578 1596 813 1660 Christo
856 1598 1119 1660 ascribat.
1194 1600 1369 1661 Nunc
1409 1600 1576 1660 Pauli
1648 1600 1834 1661 Hebr.⁸
1865 1607 1923 1674 8,
1961 1604 2047 1677 5.)
2097 1602 2404 1662 consilium

169 1684 465 1747 tenemus,
504 1673 661 1754 quod
700 1674 921 1735 scilicet
958 1695 989 1737 a
1028 1674 1169 1739 falsa
1208 1687 1279 1745 et⁴
1304 1696 1573 1757 perversa
1663 1676 1784 1761 egis
1823 1677 2032 1738 fiducia
2070 1676 2404 1739 abstrahere
2513 1691 2518 1700 ’

166 1748 428 1811 voluerit
462 1749 725 1824 Iudaeos,
767 1770 841 1811 ne
880 1762 1057 1811 vento
1095 1751 1279 1813 inflati
1315 1764 1590 1832 putarent
1626 1774 1689 1814 se
1725 1774 1848 1813 non
1889 1754 2152 1835 indigere
2187 1752 2405 1815 Christi

169 1824 409 1900 auxilio,
444 1825 537 1887 vel
575 1837 869 1889 externam
908 1826 1180 1889 duntaxat
1216 1827 1548 1891 felicitatem
1587 1829 1648 1891 in
1687 1849 1761 1889 eo
1803 1841 2166 1909 quaererent.

323 1899 641 1983 Incestum-t
674 1906 739 1961 in
774 1902 952 1978 Lege.
1025 1903 1220 1965 Locus
1258 1902 1352 1965 bic
1392 1904 1560 1966 facile
1599 1904 1989 1980 demonstrat,
2041 1904 2176 1985 quid
2213 1904 2405 1967 valeat

164 1975 311 2037 alibi
349 1978 555 2058 passim
579 1978 935 2039 Iustificandi
950 1979 1219 2043 verbum:
1260 2000 1472 2061 nempe
1511 1981 1748 2045 liberari
1783 1994 1844 2041 et
1879 1980 2123 2042 absolvi.
2171 1982 2400 2041 Mentio

168 2053 248 2113 de
284 2066 668 2144 peccatorum
714 2055 1055 2115 remissione
1106 2056 1255 2121 facta
1304 2069 1458 2132 erat,
1516 2076 1642 2121 eam
1689 2057 1924 2139 negavit
1968 2057 2180 2119 Paulus
2227 2058 2404 2119 aliter

168 2127 431 2189 obtineri
470 2151 645 2211 quam
668 2130 885 2191 Christi
968 2131 1122 2191 ratia.
1200 2133 1291 2193 Ne
1321 2134 1448 2213 quis
1485 2133 1768 2194 obiiceret
1800 2156 1910 2213 sup
1957 2146 2116 2194 etere
2155 2134 2213 2194 in
2238 2134 2401 2215 Lege

166 2204 450 2283 remedia,
486 2206 837 2287 respondet,
874 2150 989 2267 inis
1029 2208 1301 2270 omnibus
1340 2208 1484 2269 nihil
1524 2210 1814 2271 efficaciae
1849 2232 1916 2271 au
1964 2230 2105 2271 esse.
2183 2209 2404 2271 Sensus

166 2300 313 2364 ergo
352 2280 541 2343 clarus
581 2288 687 2356 est,
724 2283 859 2343 Non
940 2303 1070 2345 osse
1104 2284 1401 2345 iustificari
1440 2305 1471 2345 a
1510 2288 1761 2366 peccatis
1793 2286 1852 2345 in
1873 2284 2060 2366 Lege,
2100 2285 2234 2366 quia
2254 2285 2400 2345 ritus

163 2359 223 2424 le
267 2359 385 2420 ales
424 2379 549 2420 nou
585 2359 735 2421 iusta
772 2379 883 2420 nec
898 2304 1183 2442 1legitima
1218 2362 1406 2439 pretia
1451 2373 1619 2420 erant
1665 2361 1740 2420 ad
1776 2359 2117 2422 solvendum
2155 2372 2401 2438 reatum,

162 2437 227 2495 ni
271 2435 317 2494 it
354 2454 461 2516 per
494 2455 557 2496 se
595 2436 665 2496 ad
704 2435 1149 2516 promerendam
1186 2436 1460 2496 iustitiam
1497 2434 1797 2511 valebant,
1844 2455 1957 2496 nec
2005 2437 2186 2496 iustae
2234 2456 2400 2496 com-

164 2511 541 2591 pensationes
574 2523 743 2572 emnt
779 2512 849 2572 ad
882 2512 1229 2604 placandum
1249 2512 1463 2570 Deum.
1535 2511 1756 2592 Negari
1785 2523 1944 2573 certe
1982 2511 2092 2574 nisi
2129 2510 2399 2592 improbe

165 2607 293 2650 non
331 2597 549 2667 potest,
588 2589 725 2667 quin
764 2588 1095 2650 iustificatio
1131 2587 1236 2652 ista
1276 2587 1602 2652 remissioni
1683 2599 2015 2650 eccatornm
2045 2606 2285 2661 annexa,
2320 2587 2400 2647 sit

163 2675 443 2743 tanquam
480 2665 600 2724 eius
638 2663 995 2724 obtinendae
1033 2663 1239 2722 modus
1281 2675 1341 2728 et
1378 2663 1547 2722 ratio.
1627 2608 1792 2738 Quid
1831 2663 1986 2727 enim
2025 2662 2146 2754 agit
2181 2661 2397 2723 Paulus

164 2738 279 2800 nisi
320 2749 387 2798 ut
422 2738 635 2800 dictum
672 2737 849 2815 illud,
888 2738 1109 2803 Christi
1145 2738 1432 2800 beneficio
1473 2751 1708 2818 peccata
1742 2739 1915 2801 nobis
1954 2738 2199 2814 remitti,
2250 2759 2398 2798 con-

164 2815 363 2875 firmet
398 2815 685 2876 contraria
724 2815 958 2877 obiecta
996 2815 1257 2876 diluens?
1328 2815 1556 2875 Probat
1589 2826 1802 2889 autem,
1844 2815 2000 2889 Quia
2037 2835 2111 2874 ne
2158 2833 2230 2874 ue
2308 2814 2396 2874 ia-

164 2889 317 2966 cula,
354 2911 545 2970 neque
584 2893 726 2952 ritus
766 2912 967 2953 omnes
988 2891 1165 2972 Legis
1202 2911 1312 2952 nos
1350 2912 1385 2951 a
1423 2891 1674 2972 peccatis
1711 2889 2039 2952 iustificent.
2149 2835 2396 2952 ustii’ca-

162 2979 266 3028 tur
312 2985 455 3050 ergo
506 2987 635 3048 per·
664 2967 989 3044 Christum,
1042 2968 1143 3046 qui
1194 2988 1226 3026 a
1272 2978 1435 3028 reatu
1481 2979 1542 3027 et
1587 2967 1803 3031 iudicio
1851 2979 2121 3030 aeternae
2169 2967 2394 3042 mortis,

165 3043 375 3123 quibus
413 3043 701 3104 obnoxius
741 3055 884 3118 erat,
964 3047 1099 3106 ratis
1134 3042 1393 3106 solvitur.
1471 3043 1632 3105 Haec
1673 3055 1760 3104 est
1796 3041 1933 3108 fidei
1969 3043 2216 3118 iustitia,
2256 3042 2395 3104 dum

144 3131 275 3180 'nos
322 3139 435 3200 pro
490 3119 651 3182 iustis
700 3119 876 3182 babet
982 3142 1081 3182 eus
1140 3131 1378 3202 peccata
1439 3141 1562 3180 non
1617 3119 1979 3199 imputando.
2057 3119 2200 3180 Sola
2246 3117 2393 3179 baec

158 3195 323 3258 vocis
360 3197 685 3278 proprietas
722 3197 1041 3258 refutandis
1062 3197 1426 3277 Papistarum
1466 3193 1678 3260 cavillis
1707 3193 1943 3268 sufficit,
2021 3195 2082 3260 ui
2119 3214 2228 3255 nos
2267 3213 2392 3253 non

158 3273 327 3334 venia
364 3291 475 3332 nec
498 3273 762 3365 gratuita
798 3274 1162 3354 acceptione,
1197 3273 1298 3333 sed
1338 3271 1540 3332 habitu
1580 3283 1642 3331 et
1677 3271 1894 3333 iustitia
1930 3270 1987 3329 in
2019 3293 2118 3330 usa
2139 3281 2393 3331 conten-

162 3347 309 3408 dunt
347 3367 471 3407 esse
508 3361 711 3410 iustos.
788 3347 989 3422 Quare
1036 3349 1188 3409 bunc
1227 3347 1408 3408 Pauli'
1446 3358 1778 3408 contextum
1827 3366 1950 3413 non
1999 3347 2280 3424 patiamur
2317 3343 2390 3404 ab

156 3423 269 3484 illis
292 3425 536 3506 indigne
556 3436 619 3484 et
638 3423 879 3484 sceleste
920 3423 1181 3497 lacerari,
1218 3445 1396 3498 quum
1438 3424 1575 3484 dixit
1611 3443 1720 3484 nos
1759 3421 2048 3483 iustificari
2083 3419 2158 3480 ab
2201 3420 2394 3482 omni-

158 3498 299 3576 bus,
346 3511 413 3558 ut
463 3499 635 3561 nobis
681 3510 914 3561 constet
956 3510 1331 3580 peccatorum
1379 3497 1660 3558 remissio.
1743 3497 1869 3558 lam
1905 3517 2045 3559 vero
2094 3495 2394 3557 sciendum
2450 3535 2456 3540 -

159 3587 270 3647 est,
310 3573 547 3636 Christo
588 3575 813 3655 opponi
848 3575 1069 3658 Legem
1106 3575 1317 3648 Mosis,
1352 3585 1628 3653 tanquam
1663 3573 2038 3652 praecipuum
2075 3572 2394 3652 potiundae

156 3648 415 3711 iustitiae
462 3649 747 3726 medium,
810 3652 859 3712 si
908 3651 1066 3731 quod
1114 3649 1272 3726 aliud
1332 3647 1424 3708 vel
1477 3649 1764 3709 diversum
1810 3671 1842 3709 a
1894 3649 2128 3710 Christo
2169 3648 2390 3710 fuisset.

163 3723 381 3786 Paulus
420 3725 651 3805 quidem
691 3726 764 3785 de
802 3726 1150 3787 ceremoniis
1190 3725 1462 3804 disputat,
1499 3724 1598 3784 sed
1639 3725 1958 3785 notandum
1999 3735 2107 3800 est,
2145 3724 2287 3783 nibil
2327 3723 2392 3782 in

155 3799 273 3862 illis
314 3797 486 3858 fuisse
526 3801 829 3876 omissum,
868 3803 1025 3882 quod
1074 3801 1149 3863 ad
1240 3811 1434 3860 eccata
1483 3821 1548 3860 ex
1593 3799 1758 3862 ianda
1804 3801 2064 3892 iramque
2101 3798 2218 3858 Dei
2307 3799 2392 3858 la-

158 3873 405 3937 candam
444 3873 679 3938 faceret.
756 3877 1068 3938 Caeterum
1106 3899 1185 3938 nu
1232 3898 1263 3936 a
1304 3895 1370 3940 ex
1391 3821 1660 3938 omnibus
1698 3876 2040 3940 ceremoniis
2064 3875 2236 3955 Legis
2259 3819 2392 3962 ibit,

158 3969 311 4032 quae
350 3969 473 4010 non
525 3949 922 4033 obstringeret
960 3953 1255 4020 bominem
1349 3952 1531 4012 eccati
1570 3963 1765 4026 reatu,
1813 3951 1974 4031 quasi
2011 3971 2225 4010 novum
2264 3946 2391 4008 cbi-

157 4022 536 4118 rograpbnm,
572 4027 741 4086 sicuti
780 4028 955 4088 docet
989 4027 1196 4089 Paulus
1234 4030 1261 4107 (
1300 4027 1398 4089 ,ol-
1436 4033 1494 4100 2,
1531 4033 1672 4100 ss.)-
1749 4026 1910 4103 Quid
1950 4023 2168 4126 igitur?
2231 4033 2392 4113 certe

160 4115 363 4163 testam
398 4103 589 4165 voluit
624 4103 819 4179 Deus,
854 4103 1027 4170 unica
1064 4102 1203 4166 Filii
1237 4105 1325 4176 sui
1360 4113 1556 4170 morte
1593 4103 1887 4164 iustificari
1923 4101 2220 4174 homines,
2258 4117 2392 4177 qma

156 4179 349 4258 ipsum
388 4181 491 4271 qui
526 4191 833 4262 peccatum
871 4201 995 4240 non
1033 4191 1277 4247 noverat
1311 4201 1422 4260 pro
1461 4179 1635 4240 nobis
1672 4189 1974 4260 peccatum
2015 4175 2187 4248 fecit,
2223 4185 2291 4232 ut
2327 4175 2390 4234 in

158 4273 235 4314 eo
275 4253 449 4316 nobis
486 4267 641 4318 esset
677 4256 895 4316 iustitia
933 4255 1045 4336 (11.
1086 4256 1227 4320 Cor.
1266 4263 1325 4330 5,
1364 4256 1504 4332 21.).
1579 4252 1758 4314 Unde
1795 4253 2078 4330 sequitur,
2115 4248 2392 4332 quicquid

156 4328 619 4398 satisfactionum
661 4333 981 4400 commenti
1016 4345 1153 4398 sunt
1190 4332 1458 4396 homines
1495 4329 1569 4394 ad
1606 4329 1975 4409 spoliandum
2015 4327 2245 4388 bonore
2279 4345 2388 4390 suo
