2788 4713
341 293 467 339 vm
936 243 1340 334 scissem
1377 239 1964 330 nemclvronm

343 423 626 490 lectione
664 431 885 538 petere
929 424 1120 487 satius
1161 407 1282 498 es't,
1285 401 1499 506 quo'd
1539 396 1799 502 proprie
1852 409 2123 476 terrenis
2174 403 2575 513 principibus

350 523 428 591 a'c
465 518 779 610 primariis
827 513 1170 606 ‘regnorum
1214 541 1288 582 ac
1342 518 1619 603 gentium
1670 509 1941 578 'ducibus
1985 506 2321 586 convenit,
2371 507 2573 571 ιιιιιιιιι

353 627 683 728 attingam..
725 641 956 713 nempe
981 637 1171 705 quum
1197 617 1551 684 reluctante
1574 617 1768 681 totius
1802 611 2023 678 mundi
2044 603 2349 714 potentia,
2374 606 2583 671 omni-

349 713 500 802 bus,
541 725 672 816 qui
731 733 884 787 tunc
923 741 1132 787 rerum
1172 711 1593 806 potiebantur
1628 715 1745 781 ad·
1735 697 2241 800 opprimendum
2282 707 2579 787 Evange-

350 815 536 903 lium,
565 823 826 887 armatis
873 822 1062 918 pauci
1103 819 1392 883 homines
1434 815 1723 894 obscuri,
1742 809 2051 878 ¹inermes
2109 821 2203 875 et
2214 807 2582 889 contempti,

247 925 255 933 ’
349 921 497 989 solo
536 925 820 988 veritatis
864 930 926 983 et
941 907 1212 1004 Spiritus
1249 917 1572 1004 praesidio
1604 912 1767 980 'freti
1804 917 1871 992 in
1896 905 2313 999 propaganda
2328 905 2585 974 Christi

349 1021 488 1086 fide
543 1031 669 1086 tam
721 1031 974 1085 strenue
1028 1015 1488 1097 laboraverint,
1554 1011 1714 1083 nihil
1754 1013 2120 1116 refugerint
2166 1008 2415 1074 laboris
2466 1003 2583 1068 vel

354 1119 812 1198 discriminum,
863 1127 1087 1183 contra
1140 1120 1364 1185 omn‘es
1414 1140 1660 1206 pugnas
1700 1108 1989 1180 steterint
2038 1105 2339 1186 infracti,'
2368 1106 2589 1172 donec

347 1220 618 1286 tandem·
649 1223 925 1284 victores
967 1229 1388 1304 emergerent,
1442 1197 1603 1285 nihil
1643 1227 1881 1282 restare
1930 1212 2352 1282 excusationis
2392 1205 2587 1273 Chri-

351 1323 572 1387 stianis
608 1316 1010 1408 proceribus,
1051 1316 1164 1405 qui
1205 1311 1511 1438 dignitate
1555 1309 1769 1410 aliqua
1812 1309 2144 1388 excellunt,
2170 1305 2436 1405 quando
2464 1327 2587 1370 eos

351 1421 537 1486 Deus
580 1417 692 1484 ad·
707 1414 1021 1486 tuendum
1049 1415 1200 1484 Filii
1241 1424 1342 1485 sui
1381 1438 1645 1505 reguum
1678 1413 1937 1504 gladio
1953 1410 2276 1489 iustruxit,
2329 1409 2455 1474 nisi
2497 1405 2587 1472 ad

357 1515 729 1588 obeundum
791 1529 916 1582 tam
970 1511 1394 1584 honorificum
1464 1523 1692 1586 munus
1752 1513 1959 1599 'aeque
2024 1509 2247 1575 saltem
2315 1509 2591 1574 animosi

353 1618 504 1684 sin‘t
536 1641 610 1682 ac
661 1629 1040 1685 constantes.
1119 1619 1327 1686 Porro
1393 1641 1581 1706 quam
1648 1607 1865 1680 fidelis
1929 1631 2006 1676 ac
2064 1603 2299 1676 dexter
2350 1609 2589 1674 fuerim

347 1707 704 1805 ¹interpres,
763 1717 1140 1830 praedicare
1191 1741 1326 1786 non
1384 1731 1481 1784 est
1530 1737 1758 1784 meum.
1844 1713 2043 1782 Certe
2094 1713 2462 1792 fructuosus
2516 1711 2591 1774 in

359 1829 718 1894 commune,
757 1827 828 1884 ut
866 1819 1092 1908 sp'ero,
1129 1811 1257 1884 erit
1285 1815 1490 1885 labor.
1572 1814 1677 1881 ‘lu
1717 1824 1908 1894 uei-0⁹,
1942 1813 2365 1878 nlusuissime
2406 1809 2596 1874 Prin-

356 1939 539 2004 ceps,
586 1917 742 1983 mihi
789 1919 1017 1986 iterum
1056 1917 1411 2005 rogandus
1424 1929 1511 1984 es
1536 1928 1729 2004 atquc
1759 1918 1961 1978 etiam
2003 1908 2465 1986 obsecrandus,
2512 1919 2596 1974 ut

360 2027 428 2082 et
463 2013 756 2102 privatim
791 2017 1033 2085 Christi
1071 2015 1341 2104 imperio
1381 2027 1584 2084 totum
1606 2015 1705 2079 Te
1737 2012 2013 2092 addicas,
2054 2003 2595 2100 quemadmodum

357 2115 610 2201 pridem
653 2115 928 2182 feliciter
969 2121 1263 2204 coepisti,
1314 2127 1378 2181 et
1426 2127 1527 2181 tot
1570 2111 1900 2180 nobilibus
1938 2117 2123 2193 viris,
2176 2131 2339 2198 quos
2382 2119 2445 2175 e't
2484 2131 2598 2195 ge-

357 2217 534 2280 neris
573 2214 885 2302 splendor
936 2228 1002 2282 et
1047 2220 1346 2282 virtutum
1399 2217 1811 2304 praestantia
1837 2212 2265 2290 commendat,
2314 2213 2415 2276 in
2443 2234 2599 2312 pro-

359 2315 685 2383 movendo
711 2301 952 2382 Christi
990 2337 1190 2401 regno
1215 2312 1449 2387 fidelis
1490 2318 1573 2381 sis
1609 2325 1807 2401 atque
1832 2313 2191 2379 indefessus
2226 2333 2360 2382 non
2392 2303 2595 2379 modo

349 2414 636 2495 adiutor,
675 2414 793 2482 sed
833 2418 1018 2481 etiam
1059 2416 1339 2503 signifer.
1404 2414 1721 2505 Singulari
1759 2409 2031 2479 honoris
2051 2413 2391 2504 privilegio
2411 2413 2599 2478 Deus

357 2514 626 2603 regnum
637 2510 982 2583 Poloniae
1025 2517 1316 2605 dignatus
1358 2528 1483 2595 est,
1522 2526 1593 2580 ut
1609 2512 1987 2580 nobilitatis
2024 2512 2257 2579 melior
2293 2534 2439 2600 pars
2478 2516 2601 2579 im-

363 2616 486 2701 piis
520 2617 1103 2703 superstitionibus,
1146 2639 1314 2706 quae
1355 2615 1623 2685 totidem
1662 2606 1829 2680 sunt‘
1850 2614 2055 2679 cultus
2094 2612 2228 2678 Dei
2270 2623 2603 2698 corrupte-

365 2712 470 2779 lae
513 2727 580 2779 et
618 2718 1122 2801 inquinamenta,
1161 2718 1378 2783 valere
1418 2711 1606 2782 iussis
1648 2712 1988 2800 legitimam
2033 2714 2287 2798 pietatis
2326 2712 2603 2780 formam

369 2824 434 2877 ct
467 2819 594 2879 rite
633 2818 1051 2901 compositum
1085 2812 1425 2883 Ecclesiae
1466 2814 1775 2881 ordinem‘
1803 2834 1935 2877 uno
1980 2830 2309 2901 consensu·
2336 2824 2605 2899 appete-

367 2920 488 2975 ret.
563 2913 778 2997 Atque
832 2915 932 2979 his
984 2934 1381 3002 non‘parum
1442 2916 1636 2980 ihisse
1674 2916 1744 2999 in
1784 2912 1929 2975 Tua
1983 2902 2377 2978 auctoritate
2412 2934 2603 3000 prae-

367 3008 519 3076 sidii
559 3013 712 3077 satis
751 3022 974 3078 notum
1027 3025 1138 3079 est.
1221 3015 1353 3081 Sed
1397 3014 1551 3081 Tibi
1608 3023 1671 3078 ct
1719 3010 1848 3076 illi's
1888 3006 2036 3096 plum
2075 3020 2270 3077 restat
2309 3016 2604 3103 certami-

369 3132 540 3189 num,
581 3130 768 3197 quam
809 3123 883 3178 ut
921 3116 1056 3180 otio
1095 3124 1161 3179 et
1203 3119 1405 3202 quieti
1439 3116 1620 3203 quasi
1652 3112 1900 3177 emeriti
1938 3106 2168 3177 milites
2199 3112 2587 3197 indulgeatis

371 3210 666 3287 Primum,
707 3221 779 3276 ut
817 3232 1008 3279 nemo
1053 3226 1385 3281 extraneus
1428 3212 1626 3280 hostis
1664 3209 2017 3278 molestiam
2057 3210 2247 3277 vobis
2290 3212 2607 3303 exhibeat,

372 3312 524 3379 satis
561 3323 882 3398 superque
924 3314 1227 3381 adversus
1267 3314 1437 3380 mala
1468 3318 1769 3381 intestina
1813 3314 1939 3379 erit·
1968 3314 2229 3397 negotii.
2276 3314 2407 3378 Iam
2446 3310 2609 3381 'estis

377 3412 644 3497 experti,
704 3432 890 3497 quam
941 3402 1136 3481 ta'riis
1179 3416 1419 3483 artibus
1459 3418 1801 3480 instructus
1850 3416 1932 3479 sit
1968 3412 2161 3477 Satan
2214 3412 2298 3477 ad
2337 3411 2609 3481 insidias

374 3507 726 3589 struendas,
765 3534 895 3601 quo
937 3514 1357 3583 labefactetur
1396 3526 1613 3601 sancta
1656 3518 1825 3579 inter
1860 3511 2089 3576 fratres
2128 3512 2494 3592 concordia,
2533 3516 2610 3581 in

378 3630 506 3694 qua
559 3614 846 3679 consistit
892 3612 1222 3682 Ecclesiae
1275 3615 1465 3682 salus.
1550 3614 1905 3697 ,Contingit
1926 3624 1933 3635 ·
1954 3609 2201 3676 scilicet
2254 3613 2429 3697 apud
2479 3636 2607 3682 vos

377 3709 556 3797 quod
595 3706 838 3798 ubique
877 3714 1073 3797 solet,
1119 3726 1192 3781 ut
1239 3716 1437 3781 rebus
1488 3712 1925 3799 incompositis
1974 3732 2117 3775 sese
2157 3712 2613 3799 ingerant'ho..

375 3815 580 3877 mines
617 3810 998 3891 turbulenti,
1038 3819 1178 3901 qui,
1219 3815 1368 3880 dum
1410 3814 1637 3879 videm
1671 3829 1913 3899 paucos
1954 3822 2019 3875 et
2058 3809 2315 3900 quidem
2352 3811 2609 3881 debiles

377 3911 463 3977 ab
504 3916 810 3979 immensa
847 3914 1251 3981 multitudine
1293 3916 1509 3978 vexari
1550 3923 1615 3977 et
1650 3915 2003 3989 veritatem,
2044 3932 2211 3998 quae
2254 3912 2477 3977 crassis
2504 3932 2610 3978 ca-

374 4010 754 4078 lumniarum
794 4010 1052 4079 nebulis
1093 4012 1415 4093 obruitur,
1464 4034 1656 4099 aegre
1698 4010 1782 4077 ab
1824 4014 1978 4102 ipsis
2020 4010 2311 4089 defendi,
2353 4004 2611 4080 facilius

379 4116 563 4197 quasi
613 4132 732 4199 per
782 4112 1115 4179 cuniculos
1170 4114 1511 4205 obrepunt.
1590 4116 1736 4183 Hac
1784 4130 1943 4179 vero
1996 4116 2223 4179 astutia
2268 4110 2610 4185 Ecclesiae

378 4214 626 4277 ruinam
649 4210 909 4278 molitur
931 4212 1044 4279 ille
1071 4212 1364 4281 trandum
1410 4218 1688 4283 omnium
1730 4214 1971 4294 artifex,
2007 4233 2145 4279 non
2168 4213 2409 4277 ta'ntum
2441 4216 2609 4278 scin-

379 4310 628 4379 dendo
643 4334 722 4377 ac
757 4312 1109 4386 lacerando
1149 4314 1312 4383 fidei
1347 4320 1685 4395 unitatem,
1706 4314 1842 4383 sed
1880 4334 2118 4383 nomen
2160 4311 2405 4380 Christi
2443 4310 2609 4381 falsa
