2788 4713
367 273 450 334 46
1159 267 1248 331 IN
1285 265 1513 331 ACTA
1552 265 1842 330 APOST.

366 425 600 478 >tantum
637 415 829 496 posita
865 423 958 475 est
991 411 1233 489 solutio,
1311 414 1435 475 uod
1470 413 1569 480 bic
1604 434 1729 474 non
1768 413 1961 496 agitur
1996 411 2270 474 de'certa
2303 409 2659 492 baptizandi

371 491 664 567 formula,
709 492 814 554 sed
862 503 1220 552 revocantur
1308 491 1465 554 deles
1515 489 1587 551 ad
1629 490 1962 565 Christum,
2011 491 2071 550 in
2162 512 2241 550 uo
2291 490 2422 550 solo
2464 489 2655 550 nobis

307 563 318 576 ’
374 569 686 632 confertur
723 569 1003 661 quicquid
1040 568 1360 651 baptismus
1400 570 1629 662 figurat.
1686 567 1834 628 Nam
1876 580 1937 628 et
1972 589 2112 627 mun
2158 587 2325 627 amur
2362 567 2486 626 eius
2508 589 2652 628 san-

371 649 576 785 gugrae,
615 658 678 707 et
713 659 921 706 mortis
958 667 1028 706 ac
1064 645 1513 707 resurrectionis
1553 645 1679 706 eius
1717 643 2010 735 beneficio
2054 665 2265 706 novam
2316 643 2497 705 vitam
2548 644 2649 704 in-

522 745 692 785 imur.

353 735 445 846 ᾞτ
523 801 845 876 ‘decipietis
877 795 1095 858 donum
1129 800 1382 874 spirius.
1466 795 1763 872 Quoniam
1806 796 2192 858 admiratione
2214 797 2355 858 tacti
2382 795 2649 870 fuerant,

415 899 554 942 num
612 878 884 938 viderent
936 874 1258 954 Apostolos
1317 875 1522 936 alienis
1573 875 1787 958 linguis
1835 895 1902 936 re
1948 887 2089 935 ente
2136 875 2402 954 coepisse
2451 871 2646 953 loqui,

358 984 367 993 ·
425 967 586 1016 etrus
637 953 896 1015 eiusdem
947 951 1092 1012 doni
1141 951 1300 1032 ipsos
1350 951 1483 1012 sore
1532 964 1838 1032 compotes
1930 951 2062 1026 icit,
2120 951 2167 1012 si
2202 951 2294 1012 .ad
2335 949 2643 1012 Christum
2704 989 2715 1000 ·

369 1029 731 1094 transierint.
805 1028 1130 1108 Praecipua
1178 1029 1414 1107 quidem
1466 1040 1635 1088 erant
1672 1027 1937 1098 remissio
2022 1039 2355 1088 eccatorum
2379 1070 2397 1102 ,
2450 1037 2513 1088 et
2550 1025 2642 1086 vi-

367 1121 469 1170 tae
508 1108 762 1168 novitas:
800 1104 902 1165 sed
945 1103 1088 1164 haec
1128 1105 1454 1176 eratsvelut
1491 1105 1783 1180 accessio,
1819 1117 1887 1164 ut
1924 1049 2195 1168 Christus
2234 1101 2432 1185 aliquo
2472 1103 2641 1164 dono

365 1183 582 1247 visibili
617 1203 779 1245 suam
817 1183 880 1241 in
918 1177 1030 1240 illis
1069 1181 1347 1243 virtutem
1398 1193 1709 1244 exsereret.
1784 1181 1997 1261 Neque
2047 1184 2202 1242 enim
2255 1179 2641 1240 de‘sanctifi-

369 1261 616 1323 cationis
656 1257 860 1341 gratia,
943 1277 1052 1318 uae
1093 1259 1599 1352 generaliter‘piis
1640 1259 1913 1319 omnibus
1954 1258 2281 1332 confertur,
2322 1255 2503 1316 debet
2537 1256 2640 1315 bic

369 1338 536 1400 locus
573 1335 840 1416 intelligi.
992 1355 1174 1396 onum
1224 1356 1369 1418 ergo
1423 1336 1658 1417 spiritus
1704 1334 1820 1396 illis
1908 1335 2189 1408 romittit,
2238 1334 2398 1394 cuius
2447 1356 2473 1394 s
2520 1334 2640 1394 eci-

367 1434 508 1476 men
547 1414 608 1474 in
650 1409 981 1494 linguarum
1023 1411 1358 1472 diversitate
1399 1412 1742 1476 cernebant.
1818 1410 1853 1471 I
1896 1433 1969 1474 eo
2008 1411 2125 1472 hoc
2158 1409 2459 1503 propriea
2524 1431 2637 1470 nos

357 1509 494 1554 uon
542 1500 788 1570 spectat.
862 1489 1014 1548 Nam
1069 1487 1206 1570 quia
1257 1487 1370 1550 illis
1424 1488 1715 1549 miraculis
1774 1487 2067 1549 illustrare
2125 1487 2317 1550 voluit
2368 1487 2635 1550 Christus

353 1568 540 1648 ‘regni
577 1565 668 1626 sui
707 1564 1041 1638 exordium,
1069 1585 1206 1626 ·ιιοιι
1245 1565 1355 1626 nisi
1393 1567 1467 1626 ad
1505 1577 1733 1646 tempus
1784 1567 2154 1626 exstiterunt:
2203 1566 2304 1625 sed
2357 1565 2633 1644 quoniam

363 1641 622 1706 visibiles
663 1642 912 1724 gratiae,
955 1663 1098 1724 quas
1135 1642 1251 1704 suis
1293 1642 1684 1703 distribuebat
1720 1643 2047 1718 Dominus,
2088 1643 2250 1723 quasi
2289 1641 2351 1700 in
2390 1639 2632 1722 speculo

361 1718 777 1782 monstrabant
817 1719 1120 1780 Christum
1161 1719 1415 1802 Spiritus
1454 1720 1641 1780 saneti
1680 1739 1804 1779 esse
1844 1720 2132 1793 datorem,
2168 1717 2304 1778 ideo
2346 1716 2633 1798 aliquate-

364 1819 477 1858 nus
516 1797 588 1857 ad
625 1808 816 1857 totam
855 1795 1173 1856 Ecclesiam
1213 1797 1474 1878 pertinet
1511 1795 1671 1876 quod
1702 1795 1845 1858 dicit
1867 1795 2111 1858 Petrusz
2152 1795 2293 1856 Acci
2338 1795 2467 1856 ietis
2492 1794 2636 1874 Spi-

361 1874 513 1936 ritus
553 1873 793 1934 donum.
871 1873 1135 1933 Tametsi
1185 1875 1340 1934 enim
1385 1895 1513 1933 non
1563 1873 1879 1954 accipimus
1928 1883 1993 1932 ut
2038 1871 2252 2008 linquis
2296 1812 2635 1953 loquamur,

363 1963 436 2010 ut
469 1953 646 2010 simus
687 1948 1047 2030 Prophetae,
1084 1959 1150 2010 ut
1187 1971 1455 2010 sanemus
1494 1963 1791 2032 aegrotos,
1828 1961 1894 2009 ut
1922 1949 2141 2009 miracu
2168 1969 2197 2008 a
2226 1949 2483 2023 edamus,
2515 1967 2634 2008 uo-

364 2027 460 2088 bis
503 2040 706 2086 tamen
755 2027 816 2085 in
869 2027 1358 2107 praestantiorem
1412 2047 1577 2086 usum
1626 2026 1834 2101 datur,
1886 2036 1952 2086 ut
2000 2026 2179 2086 corde
2220 2025 2519 2086 credamus
2556 2024 2633 2084 ad

359 2103 673 2177 iustitiam,
712 2113 780 2162 ut
817 2100 1054 2184 linguae
1095 2113 1327 2164 nostrae
1367 2103 1425 2162 in
1462 2122 1661 2164 veram
1704 2103 2135 2166 confessionem
2178 2101 2524 2176 formentur,
2562 2113 2637 2162 ut

359 2193 727 2241 transeamus
766 2199 798 2239 a
835 2191 1034 2250 morte
1074 2180 1134 2240 in
1175 2179 1372 2253 vitam,
1414 2189 1479 2239 ut
1517 2179 1620 2259 qui
1658 2179 1869 2260 inopes
1907 2201 2102 2240 sumus
2144 2191 2203 2239 et
2242 2179 2409 2240 vacui
2462 2177 2629 2238 locu-

361 2257 691 2340 pletemur,
729 2267 796 2316 ut
835 2256 1108 2336 adversus
1149 2255 1419 2316 Satanam
1475 2268 1535 2316 et
1582 2256 1863 2316 mundum
1912 2255 2118 2317 invicti
2166 2258 2383 2317 stemus
2431 2255 2631 2332 (Rom.

361 2341 464 2409 10,
499 2339 596 2401 10.
633 2331 723 2393 Io.
762 2340 821 2410 5,
857 2333 1002 2411 24).
1081 2333 1380 2415 Baptismo
1424 2333 1617 2414 itaque
1668 2353 1901 2415 semper
1947 2354 2172 2395 annexa
2222 2334 2337 2395 erit
2376 2331 2629 2416 Spiritus

365 2412 573 2497 gratia,
613 2410 728 2471 nisi
765 2431 798 2470 a
837 2410 1014 2471 nobis
1051 2410 1535 2491 impedimentum
1576 2422 1864 2471 occurrat.
2283 2440 2287 2445 ·

518 2492 614 2552 39.
689 2483 809 2548 Ad
857 2508 958 2547 vos
1006 2491 1158 2547 enim
1191 2489 1447 2565 pertinet
1478 2490 1813 2563 prontissis.
1890 2488 2025 2548 Hoc
2084 2486 2431 2549 nominatim
2492 2484 2629 2547 addi

361 2566 656 2647 oportuit,
691 2576 762 2625 ut
798 2576 968 2625 certo
1005 2576 1331 2625 statuerent
1367 2563 1575 2627 Iudaei
1598 2562 1725 2628 ‘sibi
1764 2582 2133 2627 communem
2158 2584 2283 2625 esse
2305 2586 2438 2624 cum
2461 2563 2630 2645 Apo-

360 2640 534 2704 stolis
575 2640 812 2704 Christi'
840 2640 1107 2725 gratiam.
1186 2641 1334 2702 Inde
1375 2654 1569 2703 autem
1610 2640 1827 2723 probat
1850 2642 2085 2713 Petrus,
2125 2642 2259 2726 quia
2300 2640 2412 2700 illis
2450 2640 2629 2701 desti-

361 2730 504 2780 nata
541 2718 616 2779 sit
653 2716 774 2778 Dei
807 2718 1144 2799 promissio.
1215 2716 1371 2780 Nam
1424 2719 1539 2779 buc
1588 2738 1709 2779 sem
1758 2738 1827 2778 er
1860 2718 2219 2781 coniiciendi
2264 2728 2401 2778 sunt
2452 2717 2632 2789 oculi,

363 2796 502 2877 quia
543 2814 668 2855 non
708 2792 884 2854 aliter
907 2794 1079 2856 nobis
1119 2805 1260 2856 nota
1303 2815 1428 2857 esse
1466 2806 1665 2875 potest
1746 2795 1802 2855 ei
1840 2796 2129 2871 voluntas,
2169 2816 2339 2876 quam
2365 2814 2472 2877 per
2494 2812 2629 2854 ver-

359 2870 525 2932 bum.
595 2868 726 2931 Sed
765 2890 888 2929 non
928 2872 1068 2931 satis
1115 2884 1206 2932 est
1263 2870 1484 2933 habere
1546 2872 1792 2932 verbum
1892 2872 2156 2947 enei-ale,
2216 2871 2328 2931 nisi
2384 2871 2627 2933 sciamus

359 2946 542 3007 nobis
582 2944 882 3019 destinari.
958 2945 1125 3006 Dicit
1163 2966 1308 3041 ergo
1347 2946 1561 3006 Petrus
1600 2946 1854 3024 Indaeis,
1936 2970 2041 3010 uae
2078 2948 2138 3009 in
2178 2968 2243 3009 se
2279 2960 2345 3007 et
2384 2946 2628 3031 collegis

361 3032 638 3095 cernunt,
673 3020 794 3081 Dei
833 3018 1124 3083 beneficia
1163 3024 1302 3084 olim
1344 3024 1630 3103 promissa
1670 3044 1814 3085 esse.
1940 3024 2033 3087 uia
2076 3026 2191 3085 boc
2229 3026 2299 3085 ad
2340 3024 2627 3085 fideicer-

359 3098 680 3160 titudinem
722 3098 1053 3160 necessario
1097 3100 1440 3180 requiritur,
1480 3111 1546 3158 ut
1581 3100 1801 3183 singuli
1841 3101 2041 3163 animo
2082 3102 2315 3162 infixum
2346 3100 2629 3179 habeant,

359 3194 427 3239 se
465 3173 894 3257 comprehendi
934 3177 998 3234 in
1051 3195 1256 3237 eorum
1305 3196 1578 3253 numero,
1631 3199 1779 3258 quos
1828 3179 2155 3259 alloquitur
2189 3179 2371 3239 Deus.
2433 3178 2625 3238 Deni-

369 3270 488 3335 que
539 3251 687 3312 haec
723 3270 863 3312 vere
904 3250 1186 3313 credendi
1225 3265 1314 3314 est
1353 3252 1575 3346 regula,
1616 3275 1795 3335 quum
1814 3256 1900 3316 ita
1922 3276 2229 3338 persuasus
2253 3274 2400 3331 sum,
2438 3275 2627 3317 meam

361 3347 490 3390 esse
527 3328 806 3402 salutem,
864 3328 1002 3423 quia
1041 3330 1112 3391 ad
1163 3350 1257 3391 me
1302 3342 1566 3422 pertinet
1614 3332 1964 3411 promissio,
2017 3352 2165 3413 quae
2217 3332 2373 3393 illam
2422 3330 2626 3392 ol'l'ert.

359 3406 519 3466 Hinc
559 3406 738 3466 etiam
777 3411 968 3467 martir
1005 3406 1377 3469 confirmatio
1419 3408 1669 3483 accedit,
1712 3430 1889 3490 quum
1930 3410 2001 3470 ad
2042 3429 2145 3469 eos
2229 3408 2496 3469 romissio
2524 3422 2625 3468 ex·-

359 3482 647 3559 tenditur,
687 3481 789 3562 qui
817 3483 994 3575 prius
1033 3486 1246 3547 remoti
1287 3497 1472 3545 erant.
1548 3486 1784 3547 Foedus
1826 3486 1983 3547 enim
2025 3508 2157 3547 cum
2184 3430 2430 3545 1ludaeis
2460 3484 2627 3547 Deus

356 3558 687 3641 pepigerat.
766 3558 833 3620 Si
875 3560 1001 3621 eius
1041 3561 1125 3621 vis
1167 3574 1228 3621 et
1265 3562 1492 3623 fructus
1532 3562 1805 3643 pervenit
1844 3583 2029 3645 usque
2068 3564 2137 3623 ad
2182 3560 2445 3639 Gentes,
2498 3584 2629 3624 nou

357 3647 450 3695 est
533 3634 651 3696 uod
691 3635 765 3696 de
803 3656 866 3696 se
906 3637 1113 3698 Iudaei
1153 3638 1447 3713 dubitent,
1488 3640 1628 3721 quin
1670 3640 1896 3701 sensuri
1934 3640 2054 3703 sint
2091 3640 2313 3701 firmam
2352 3660 2417 3700 ac
2442 3652 2625 3701 ratam

349 3708 477 3773 Dei
559 3710 709 3771 dem.
787 3715 1053 3776 Notandi
1093 3727 1288 3777 autem
1327 3727 1467 3779 sunt
1500 3728 1619 3781 tres
1660 3716 1757 3777 isti
1781 3716 2015 3801 gradus,
2050 3716 2219 3797 quod
2244 3714 2499 3797 primum
2520 3716 2625 3777 Iu-

274 3798 294 3823 s
357 3788 537 3862 daeis,
578 3788 794 3850 deinde
829 3790 972 3853 filiis
1015 3792 1280 3873 ipsorum
1328 3792 1513 3854 sauta‘
1541 3793 1619 3852 sit
1722 3792 2025 3869 romissio,
2096 3804 2397 3875 postremo
2462 3796 2626 3875 quod

355 3864 658 3925 Gentibus
700 3886 942 3948 quoque
980 3869 1467 3931 communicanda
1515 3868 1608 3929 sit.
1746 3882 1845 3929 ota
1896 3881 1983 3928 est
2038 3868 2223 3944 ratio,
2274 3892 2381 3931 cur
2418 3869 2623 3932 ludaei

353 3942 484 4003 aliis
577 3941 962 4005 raeserantur.
1053 3944 1209 4007 Sunt
1277 3945 1435 4007 enim
1480 3945 1643 4005 velut
1692 3945 2077 4029 primogeniti
2126 3946 2189 4007 in
2236 3946 2356 4006 Dei
2406 3945 2626 4010 familia

353 3962 574 4112 (ihc->cli
609 4025 669 4095 4,
705 4024 845 4097 22),
882 4041 1004 4082 imo
1045 4020 1328 4103 singulari
1368 4021 1684 4105 privilegio
1726 4022 2019 4105 segregati
2058 4034 2203 4085 tunc
2244 4035 2411 4084 erant
2450 4046 2483 4084 a
2522 4046 2621 4084 re-

352 4094 529 4175 liquis
581 4096 874 4158 omnibus.
951 4098 1115 4178 Ergo
1167 4098 1498 4181 legitimum
1538 4099 1810 4159 ordinem
1846 4098 2059 4160 Petrus
2090 4100 2401 4175 observat,
2441 4122 2622 4181 quum

355 4170 588 4233 Iudaeis
626 4174 882 4257 assignat
918 4173 1154 4255 priores
1197 4174 1439 4233 honoris
1483 4186 1695 4255 partes.
1725 4181 1731 4190 '
1772 4174 1970 4250 Quod.
1999 4176 2113 4237 illis
2149 4177 2303 4237 filios
2330 4178 2621 4261 adiungit,

351 4248 579 4327 pendet
617 4270 686 4310 ex
723 4248 916 4313 verbis
956 4250 1392 4332 promissionisz
1432 4250 1554 4309 Ero
1594 4251 1759 4311 Deus
1780 4264 1920 4313 tuus
1972 4266 2032 4314 et
2069 4252 2309 4314 seminis
2347 4254 2437 4313 tui
2484 4266 2625 4335 post

352 4334 416 4383 te
455 4322 703 4401 (Genes.
741 4334 841 4403 17,
877 4328 986 4406 7.),
1023 4324 1131 4387 ubi
1167 4326 1332 4389 Deus
1387 4324 1541 4389 filios
1590 4328 1853 4411 patribus
1912 4338 2185 4391 accenset
2236 4328 2300 4388 in
2348 4330 2623 4423 adoptio-

353 4398 446 4462 nis
481 4402 688 4483 gratia.
767 4406 884 4467 Hic
937 4424 1083 4489 ergo
1131 4400 1298 4469 locus
1335 4402 1571 4468 abunde
1608 4404 1832 4469 refellit
1868 4404 2319 4487 Anabaptistas,
2366 4428 2471 4487 qui
2522 4407 2617 4467 in-
