2788 4713
237 324 242 329 ,
336 250 454 315 280
1114 240 1202 301 ιΝ
1242 238 1465 303 ACTA
1504 238 1791 305 Apos'r.

343 388 606 450 monium
643 387 868 447 interea
907 382 1016 445 sibi
1056 404 1122 445 ac
1159 404 1296 445 suae
1333 384 1617 445 divinitati
1654 381 1943 443 redderet.
2018 378 2351 443 Videndum
2388 392 2603 443 tamen

349 464 648 544 quomodo
689 462 832 523 baec
869 460 987 521 duo
1026 461 1184 523 inter
1217 481 1280 521 se
1321 461 1692 523 conveniant:
1746 480 1879 519 nam
1914 458 1965 517 si
2003 457 2077 515 de
2114 476 2179 519 se
2216 469 2455 519 testatus
2498 472 2607 520 est

347 544 542 613 Deus,
591 562 712 599 non
765 558 958 619 passus
1007 548 1095 597 est
1147 550 1427 615 quantum
1480 537 1539 596 in
1591 555 1653 598 se
1693 547 1819 595 erat
1857 534 2135 595 mundum
2176 555 2389 595 errare.
2465 534 2603 595 Re-

347 612 1044 755 ἱίᾞὲἱὲἰὲἓέἓῗῑοξῖ
1080 613 1399 753 ῑῗ-ῗὲᾆῗῖἒῆ
1416 608 2146 747 ,ξ’ἒῗὲῗῖεέεὲῗῗεςῗέἓι
2162 611 2274 747 ‘¹32⁸
2276 610 2605 749 ⁵213&

351 770 576 829 Verum
617 768 772 827 enim
813 777 902 825 est
949 765 1048 825 illu
1127 732 1431 844 Aposuili,
1480 762 1628 823 Fide
1668 762 1920 844 intelligi
1961 776 2151 844 aptata
2191 762 2365 825 fuisse
2404 764 2603 825 verbo

351 844 468 905 Dei
505 841 731 905 saecula
771 840 983 921 (Hebr.
1023 848 1118 913 11,
1154 846 1262 913 3.):
1319 838 1482 921 atqui
1531 839 1672 899 fides
1722 859 1843 901 non
1896 860 1965 899 ex
2012 840 2173 899 nudo
2227 852 2289 899 et
2336 840 2491 901 coeli
2534 851 2606 899 et

351 933 545 982 terrae
583 918 799 982 intuitu
837 917 1002 977 conci
1047 919 1180 987 itur,
1219 914 1322 977 sed
1361 936 1431 977 ex
1467 915 1632 977 verbi
1670 916 1897 976 auditu:
1940 914 2093 975 unde
2130 916 2425 996 sequitur,
2465 938 2603 977 nou

351 993 880 1133 {Satafisslfffss'
885 990 2261 1131 iassssss‘issss‘o3321³¹⁹³i12²ffin12²¹0t32³22¹3
2292 991 2601 1130 „¹:⁰3³ss

349 1092 1153 1221 reddantur›inflexcusabilesss
1201 1146 1300 1237 qui
1351 1088 1606 1205 tameisiq
1636 1143 1973 1204 naturaliter
2021 1143 2151 1205 luce
2192 1090 2397 1223 privati
2446 1166 2601 1223 pro-

350 1224 710 1359 prliaRtamen
747 1220 962 1312 malitia
1000 1232 1365 1298 coecutnuut,
1402 1218 1891 1301 quemadmodum
1930 1220 2107 1281 docet
2143 1220 2358 1281 Paulus
2396 1223 2601 1301 primo

352 1321 383 1360 a
523 1320 636 1359 om.
677 1318 740 1357 ca
783 1310 880 1361 nte.
1007 1312 1012 1317 ·

501 1374 677 1433 Dans
744 1318 934 1432 ιἰιιυιίω
969 1386 1023 1431 ee
1055 1386 1313 1449 ternpus-a
1332 1374 1689 1454 fimetisera.
1766 1374 1928 1433 Deus
1954 1372 2183 1453 quidem
2223 1394 2256 1435 a
2292 1372 2601 1454 principio

353 1472 416 1513 se
453 1470 562 1531 per
597 1470 700 1509 ver
741 1471 839 1512 um
885 1450 999 1511 toti
1039 1451 1244 1531 generi
1293 1450 1545 1511 humano
1598 1448 1903 1530 patefecit:
1941 1450 2043 1509 sed
2091 1450 2302 1515 Paulus
2345 1462 2407 1509 et
2444 1451 2603 1511 Bar-

353 1526 528 1589 nabas
567 1527 886 1587 ostendunt
923 1526 1140 1587 nullam
1179 1526 1351 1587 fuisse
1389 1538 1671 1601 aetatem,
1721 1548 1891 1606 quam
1930 1547 2049 1586 non
2088 1540 2477 1606 prosequutus
2514 1528 2603 1589 sit

352 1602 518 1693 Deus
555 1601 674 1692 suis
723 1601 1051 1676 beneficiis,
1101 1624 1250 1695 quae
1299 1604 1517 1693 testari·
1549 1614 1789 1683 possent
1836 1602 2115 1663 mundum
2167 1602 2289 1663 eius
2340 1604 2597 1693 imperio

353 1678 2601 1837 {353133¹?ssssssemit53503352222230252222‘1„'‘zta‘lffss‘zzfsz

358 1832 671 1893 Caeterum
709 1830 1017 1911 probabile
1055 1844 1162 1906 est,
1199 1832 1685 1913 magnificentiam
1727 1851 1971 1911 operum
2008 1831 2123 1891 Dei
2162 1831 2373 1910 quibus
2412 1833 2601 1892 dece-

355 1907 460 1969 bat
497 1907 592 1975 elo
637 1906 702 1968 iis
739 1909 895 1988 ipsos
935 1928 1202 1978 ornasse,
1241 1910 1356 1970 sed.
1379 1909 1575 1967 Lucae
1612 1928 1857 1968 summas
1896 1927 2091 1967 rerum
2131 1907 2416 1989 attingere
2456 1911 2597 1971 satis

355 1984 484 2045 fuit.
617 2004 767 2063 eque
817 1997 1010 2045 tamen
1060 1984 1325 2069 intelligo
1365 1983 1659 2045 subtiliter
1706 1994 1767 2043 et
1802 1984 2217 2065 Philosophico
2268 2004 2433 2043 more
2472 1984 2599 2046 dis-

353 2060 602 2123 seruisse
635 2060 654 2119 i
699 2080 794 2123 sos
833 2061 905 2121 de
945 2072 1183 2122 naturae
1221 2060 1470 2123 arcanis:
1508 2081 1701 2123 sermo
1742 2061 1895 2119 enim
1936 2074 2063 2121 erat
2096 2060 2253 2140 apud
2290 2060 2595 2121 indoctum

353 2136 579 2218 vulgus.
687 2136 800 2197 deo
833 2136 1176 2218 simpliciter
1211 2158 1549 2218 proponere
1588 2138 1877 2217 oportuit,
1918 2138 2077 2215 quod
2115 2137 2427 2197 rudissimis
2460 2139 2597 2218 qui-

356 2212 582 2291 busque
619 2224 826 2273 notum
867 2226 1006 2274 erat.
1083 2213 1336 2274 Sumunt
1389 2225 1583 2273 tamen
1636 2209 1986 2293 principium
2039 2213 2188 2291 hoc,
2238 2214 2295 2273 in
2352 2226 2597 2274 naturae

358 2288 568 2349 ordine
616 2301 830 2350 certam
877 2302 942 2349 et
985 2288 1196 2352 claram
1247 2310 1370 2351 esse
1410 2289 1525 2351 Dei
1576 2288 2129 2363 manifestationem,
2178 2289 2337 2370 quod
2386 2288 2595 2371 pluviis
2664 2348 2687 2360 ,

359 2365 631 2462 irrigatur
665 2379 854 2447 terra,
905 2367 1062 2447 quod
1113 2389 1236 2428 eam
1277 2366 1415 2432 solis
1455 2365 1615 2434 calor
1649 2388 1719 2427 ve
1764 2379 1913 2444 etat,
1960 2368 2121 2446 quod
2158 2379 2318 2426 tanta
2358 2367 2595 2450 frugum

360 2463 530 2538 copia
580 2444 889 2524 quotannis
936 2444 1220 2519 nascitur,
1268 2444 1405 2505 inde
1457 2457 1620 2505 certo
1670 2443 1871 2525 coligi
1922 2443 2168 2524 aliquem
2220 2463 2343 2505 esse
2379 2444 2597 2520 Deum,

361 2541 462 2598 qui
501 2519 698 2582 omnia
734 2519 1049 2603 gubernat:
1101 2540 1293 2600 neque
1345 2521 1500 2586 enim
1549 2541 1657 2601 pro
1703 2522 1790 2583 rio
1842 2533 2005 2582 motu
2058 2531 2311 2603 aguntur
2361 2520 2597 2583 coelum

363 2608 423 2654 et
459 2608 636 2668 terra,
673 2597 858 2657 multo
899 2599 1068 2657 etiam
1102 2598 1296 2658 miuus
1333 2595 1601 2658 fortuito.
1660 2541 1875 2658 {Restat
1909 2597 2107 2679 igitur,
2144 2608 2211 2656 ut
2260 2595 2372 2656 hoc
2410 2597 2597 2656 admi-

253 2729 268 2736 -
364 2672 552 2733 rabile
589 2685 827 2734 naturae
865 2672 1169 2734 artificium
1209 2673 1322 2733 Dei
1362 2673 1785 2754 providentiam
1825 2671 2007 2753 palam
2048 2671 2349 2745 ostendat,
2391 2684 2450 2732 et
2487 2674 2596 2752 qui

361 2750 640 2810 mundum
678 2761 978 2812 aeternum
1017 2769 1141 2810 esse
1181 2749 1480 2823 dixerunt,
1532 2770 1653 2810 non
1704 2751 1929 2830 loquuti
1978 2761 2114 2811 sunt
2160 2769 2228 2810 ex
2278 2749 2455 2810 animi
2504 2751 2597 2810 sui

361 2845 564 2896 sensu,
611 2823 712 2886 sed
759 2825 1010 2906 maligna
1058 2837 1118 2885 et
1165 2825 1411 2886 barbara
1449 2825 1863 2906 ingratitudine
1922 2826 2118 2887 conati
2164 2835 2301 2886 sunt
2336 2823 2597 2887 obruere
2665 2831 2678 2836 “

361 2901 480 2960 Dei
563 2901 790 2964 loriam:
833 2902 891 2960 in
933 2920 1052 2979 quo
1089 2922 1246 2960 suam
1287 2902 1703 2982 impudentiam
1742 2901 2147 2984 prodiderunt.

365 3049 382 3066 .
488 3049 503 3066 Ο
552 2977 768 3066 mpletgs
813 2974 936 3034 cibo
984 2989 1038 3032 ot
1079 2973 1314 3036 laetitia.
1399 2978 1472 3038 In
1522 2997 1595 3043 eo
1646 2980 1831 3060 magis
1882 2979 2246 3040 convincitur
2290 2977 2597 3070 bominum

361 3050 1505 3209 ζῗέῑῖἒῗέῗὲέἷέῗὲ.ἒῖἓεῗῑῗέιῗῗέἳὲ
1536 3053 2147 3210 ἓέῑξάοέἒιῖιζῖῗῗὲα
2162 3053 2597 3192 fflfffi

362 3202 426 3262 in
467 3225 668 3265 eorum
707 3225 842 3264 usus
879 3202 1143 3264 destinat.
1241 3203 1366 3266 Cur
1404 3204 1559 3264 enim
1598 3203 1687 3264 sol
1728 3217 1788 3266 et
1822 3206 2024 3268 stellae
2062 3207 2123 3267 in
2164 3207 2343 3268 coelo·
2374 3207 2599 3284 lucent,

365 3279 478 3342 nisi
517 3293 584 3339 ut
619 3302 789 3340 suum
823 3279 1204 3340 ministerium
1228 3279 1547 3362 praebeant
1572 3280 1944 3344 hominibus?
1984 3284 2111 3344 Cur
2146 3283 2335 3364 pluvia
2368 3282 2594 3345 ecoelo

366 3357 555 3418 cadit?
616 3357 742 3417 Cur
777 3363 932 3416 terr'a
969 3355 1239 3432 producit
1276 3357 1497 3436 fructus
1532 3377 1690 3431 suos,
1726 3359 1836 3420 nisi
1864 3371 1931 3420 ut
1953 3361 2022 3419 ad
2048 3359 2317 3434 alimenta
2343 3359 2599 3420 bomini-

363 3432 476 3494 bus
511 3443 841 3516 suppetant,
879 3432 1090 3514 quibus
1109 3435 1449 3496 vescantur?
1508 3434 1828 3496 Hominem
1866 3457 2017 3518 ergo
2052 3457 2173 3496 nou
2212 3437 2413 3517 posuit
2436 3437 2599 3498 Deus

363 3509 426 3578 in
465 3521 640 3582 terra,
677 3519 744 3568 ut
777 3510 854 3570 sit
885 3520 983 3569 tan
1031 3531 1156 3570 uam
1195 3511 1258 3570 in
1295 3510 1529 3594 theatro
1552 3513 1770 3586 otiosus
1810 3533 2056 3593 operum
2091 3530 2331 3576 suorum
2368 3525 2597 3592 specta-

363 3591 492 3658 tor,
537 3585 637 3645 sed
678 3586 815 3646 dum
853 3607 1012 3646 omni
1057 3608 1122 3648 us
1157 3585 1312 3648 coeli
1361 3599 1423 3648 et
1458 3599 1649 3650 terrae
1688 3588 1897 3668 o'pibus
1938 3588 2180 3662 fruitur,
2232 3600 2299 3648 ut
2335 3588 2398 3648 in
2438 3588 2597 3650 cele-

367 3659 588 3723 branda
623 3661 743 3723 Dei
782 3662 1046 3746 largitate
1082 3683 1146 3726 se
1186 3675 1470 3738 exerceat,
1555 3665 1730 3726 Nunc
1768 3685 1923 3725 vero·
1954 3666 2017 3724 in
2054 3665 2371 3747 multiplici
2400 3685 2595 3725 rerum

371 3740 541 3820 copia
579 3759 710 3800 eum
750 3760 874 3800 non
913 3739 1064 3800 affici
1104 3753 1276 3808 tanta,
1301 3741 1415 3803 Dei
1456 3741 1753 3817 bonitate,
1806 3762 2003 3802 annon
2042 3742 2171 3823 plus
2211 3763 2383 3823 quam
2424 3739 2595 3802 foeda
2684 3787 2694 3796 .

321 3881 329 3890 ,
369 3828 458 3892 qst
493 3815 772 3908 pravitas?
845 3811 1102 3909 Implere
1153 3818 1332 3882 corda
1383 3817 1519 3878 cibo
1566 3816 1713 3877 nibil
1764 3815 1921 3880 aliud
1973 3829 2061 3879 est
2103 3840 2277 3899 quam
2328 3815 2596 3880 alimenta

367 3889 602 3974 largiri,
655 3912 802 3971 qua-e
839 3903 990 3953 votis
1039 3893 1339 3956 hominum
1376 3893 1743 3956 satisfaciant.
1818 3895 2097 3960 Laetitiae
2136 3895 2373 3956 nomine
2412 3894 2595 3976 signi-

369 3968 548 4029 ficant
575 3967 794 4029 Paulus
834 3981 894 4029 et
916 3968 1209 4030 Barnabas
1238 3970 1429 4030 Deum
1468 3991 1578 4050 pro
1617 3973 1891 4039 immensa
1930 3993 2031 4033 sua
2068 3971 2430 4052 indulgentia
2468 3969 2596 4050 plus

367 4043 567 4128 largiri
605 4045 966 4136 bominibus,
1033 4067 1203 4126 quam
1261 4045 1519 4126 postulet
1567 4068 1771 4108 eorum
1818 4047 2149 4117 necessitas:
2212 4050 2328 4109 acsi
2376 4047 2593 4108 dictum

369 4132 551 4197 esset,
597 4123 790 4182 cibum
831 4123 954 4182 dari
991 4122 1326 4185 hominibus
1375 4143 1499 4184 nou
1538 4134 1763 4186 tantum
1846 4145 1921 4184 uo
1964 4122 2228 4184 reficiant
2261 4123 2447 4196 vires,
2494 4121 2595 4183 sed

369 4215 489 4273 quo
531 4200 704 4259 etiam
743 4199 918 4260 eorda
955 4205 1058 4260 sua
1096 4199 1433 4260 exhilarent.
1510 4200 1576 4259 Si
1616 4201 1745 4279 quis
1785 4222 1822 4260 o
1869 4201 2044 4273 ficiat,
2083 4201 2431 4290 contingere
2467 4199 2592 4278 ple-

369 4291 645 4352 rumque,
693 4287 758 4336 ut
808 4275 1074 4337 homines
1125 4275 1374 4338 famelici
1412 4276 1607 4354 potius
1661 4288 1898 4356 gemant
1946 4299 2115 4355 quam
2156 4287 2339 4336 saturi
2372 4275 2593 4365 laetfn·

369 4356 488 4408 tur:
552 4369 678 4434 resp
691 4353 919 4432 audeo,
954 4352 1018 4420 id
1055 4351 1180 4416 fieri
1215 4363 1446 4434 praeter
1482 4363 1723 4418 naturae
1762 4351 2063 4430 ordinem,
2100 4351 2335 4432 qua-udo
2370 4350 2596 4415 scilicet
