2788 4713
407 175 524 240 492
589 220 596 229 .
859 200 870 221 .
1191 162 1280 226 m
1314 110 1864 231 acra-Arosr.

409 312 626 375 addere
675 306 908 371 animos
993 326 1073 369 ne
1106 305 1292 389 ,ipsos
1335 306 1606 373 turbaret-
1648 308 1899 371 aliorum
1944 306 2335 371 incredulitas.
2420 308 2675 371 8-

407 391 590 473 igitur
627 398 747 464 est,
796 348 1028 477 impleri
1065 386 1228 466 quod
1273 384 1638 479 praedictum
1688 384 1877 447 fuerat
1926 406 1961 447 a
2000 386 2331 478 Propheta,
2398 386 2681 465 ideoque

409 461 1118 603 322153⁵32232¹gn⁸1¹3ssf⁰
1162 457 2683 618 ἱῒῖᾈῖὲῖῗεξέἒέζῖζτῗέἓἵέῗίὲέἒοέἕοῒεὲξ

409 619 573 679 cuius
611 615 876 676 meminit
911 612 1239 694 Propheta,
1285 615 1400 674 iam
1438 617 1562 675 eius
1598 625 1789 675 aetate
1826 616 2115 705 coepisse,
2163 614 2433 675 Ioannes
2470 626 2683 673 umen

309 712 314 719 '
409 700 511 768 12,
547 700 642 759 40.
681 690 978 765 admouet,
1017 692 1256 771 proprie
1291 703 1583 771 spectasse
1618 690 1691 751 ad
1730 690 1949 753 Christi
1986 711 2251 772 reguum.
2326 690 2497 751 Ideo
2542 704 2685 779 apte

409 768 628 829 Paulus
668 766 731 827 in
772 766 932 826 illum
954 786 1126 847 quem
1167 764 1448 828 cernebat
1470 766 1771 861 Evangelii
1798 779 2196 847 contemptum
2230 778 2525 846 torquet,
2566 788 2685 827 acsi

411 846 674 920 dixisset,
733 842 895 903 Nihil
942 842 1173 917 accidit,
1277 842 1396 902 uod
1457 864 1579 903 non
1636 864 1753 905 iam
1808 842 1947 904 olim
1998 841 2355 925 praedixerit
2408 844 2687 923 Spiritm

411 933 644 985 sanctus
682 939 791 1002 per
829 940 895 980 os
931 918 1170 981 Iesaiae.
1237 864 1432 995 ‘huod
1480 929 1671 979 autem
1724 918 1890 981 locus
1926 918 2025 981 bic
2056 919 2215 979 varie
2254 940 2291 978 a
2338 930 2517 979 tatur
2552 940 2687 979 non

409 1009 637 1061 tantum
675 996 749 1057 ab
783 994 1190 1090 Evangelistis,
1226 994 1330 1056 sed
1367 995 1540 1056 etiam
1580 1016 1617 1055 a
1651 995 1839 1067 Paulo
1878 994 2027 1077 ipso,
2062 994 2233 1055 facile
2318 994 2543 1055 iluitur
2584 1016 2685 1055 re·

409 1073 766 1167 pugnantiae
811 1092 1049 1153 spectes.
1135 1070 1341 1133 Mattb.
1379 1078 1480 1149 13,
1519 1078 1634 1148 14„
1670 1074 1851 1133 Marc.
1886 1078 1945 1146 4,
1982 1076 2097 1145 12,
2138 1081 2201 1130 et
2234 1070 2443 1132 Lucas
2479 1078 2551 1145 8,
2592 1078 2681 1137 1⁰.

409 1148 712 1231 rmpletum
751 1146 928 1215 fuisse
965 1148 1082 1209 hoc
1117 1147 1455 1208 vaticinium
1493 1147 1722 1221 dicunt,
1773 1146 1909 1207 dum
1948 1148 2342 1229 aenigmatice·
2382 1147 2679 1227 loquutus
2742 1208 2744 1211 Α

411 1239 504 1287 est
543 1226 806 1287 Christus
843 1223 918 1284 ad
953 1224 1272 1307 populum,
1317 1244 1394 1284 ne
1438 1242 1511 1282 ue
1550 1224 1606 1283 ei
1654 1223 1922 1285 coelestis
1969 1224 2139 1305 regni
2172 1225 2475 1304 mysteria
2514 1236 2677 1304 pate·
2742 1230 2744 1241 '

411 1302 585 1365 fecit:
624 1313 766 1361 tunc
805 1300 960 1361 enim
997 1320 1108 1361 vox
1143 1300 1259 1361 Dei
1295 1320 1401 1360 ver
1444 1300 1627 1361 eravit
1662 1298 1980 1361 infidelium
2018 1318 2205 1372 aures,
2244 1319 2317 1371 eg
2356 1322 2493 1380 qua
2530 1298 2673 1359 nihil

411 1378 788 1459 proficerent.
858 1376 1116 1439 Ioannes
1155 1382 1252 1451 12,
1288 1382 1384 1441 37.
1421 1396 1593 1437 sensu
1632 1396 1753 1436 non
1793 1375 1973 1457 longe
2010 1374 2259 1435 absimili
2298 1376 2481 1449 dicit,
2524 1374 2673 1437 mul-

409 1456 486 1514 tis
533 1450 819 1513 miraculis
868 1474 989 1512 non
1039 1450 1212 1513 fuisse
1261 1452 1531 1514 inductos
1592 1462 1660 1513 ut
1708 1452 2021 1512 crederent
2064 1450 2350 1523 Iudaeos,
2424 1465 2500 1513 ut
2566 1456 2673 1512 hoc

407 1530 569 1591 idem
587 1526 920 1608 Prophetae
953 1528 1350 1589 testimouium
1385 1526 1747 1608 impleretur.
1820 1528 1983 1611 Ergo
2024 1540 2277 1608 quatuor
2312 1528 2409 1589 illi
2452 1530 2521 1589 iu
2564 1529 2673 1587 hoe

412 1605 823 1678 consentiunt,
871 1605 1026 1680 iusto
1063 1604 1180 1665 Dei
1230 1604 1445 1668 iudicio
1495 1604 1713 1665 sacunn
1750 1622 1907 1678 esse,
1954 1614 2022 1664 ut
2068 1602 2315 1685 reprobi
2362 1604 2671 1665 audiendo
2739 1640 2741 1643 >

409 1703 538 1745 non
575 1680 844 1742 audirent
893 1694 954 1741 et
989 1679 1242 1743 videndo
1290 1702 1416 1741 non
1452 1680 1739 1741 viderent.
1826 1680 1999 1741 Nunc
2046 1679 2259 1742 Paulus
2308 1682 2377 1747 iu
2434 1700 2671 1741 merno-

410 1760 556 1821 riam
597 1769 833 1819 revocat
869 1757 1030 1849 quod
1070 1757 1144 1818 de
1161 1756 1391 1818 Iudaeis
1428 1769 1663 1819 testatum
1702 1767 1789 1817 est
1809 1756 2129 1838 Propheta,
2164 1777 2240 1829 ue
2280 1760 2421 1839 quis
2460 1778 2669 1819 eoru-

413 1836 764 1897 coecitatem
821 1846 1082 1896 miretur.
1178 1832 1372 1895 Porro
1426 1833 1577 1895 idem
1626 1832 1703 1893 ad
1748 1832 1992 1896 Roman.
2030 1840 2137 1906 11,
2184 1840 2241 1899 δ’.
2278 1840 2339 1900 7.
2378 1838 2447 1901 8.
2498 1834 2667 1895 altius

411 1910 794 1984 conscendit,
842 1908 1265 1972 excoecationis
1303 1930 1531 1971 causam
1569 1928 1693 1971 esse
1732 1910 1979 1983 dicens,'
2010 1912 2143 1990 quia
2178 1908 2493 1971 Dominus
2528 1908 2663 1969 reli-

413 1988 566 2065 quiis
601 1997 849 2061 tantum,
890 2007 1032 2065 quas
1065 1990 1246 2066 gratis
1266 1982 1465 2067 elegit,
1502 1986 1637 2046 fidei
1674 1984 1871 2047 lumen
1912 1985 2121 2047 donet:
2158 1987 2499 2066 etquidem
2538 2006 2663 2047 eer-
2739 2018 2741 2021 >

408 2073 536 2123 tum
576 2073 684 2136 est,
764 2061 882 2123 uod
919 2060 1161 2141 reprobi
1197 2058 1394 2123 salutis
1433 2062 1757 2123 doctrinam
1793 2062 2085 2139 reiiciunt,
2120 2062 2237 2123 hoc
2274 2062 2415 2123 fieri
2458 2081 2661 2123 eornm

413 2138 660 2211 malitia,
697 2134 718 2196 i
761 2156 832 2199 eo
875 2156 951 2197 ue
990 2135 1216 2217 culpam
1255 2137 1318 2197 in
1352 2138 1490 2217 ipsis
1526 2136 1799 2199 residere.
1879 2140 2095 2200 Verum
2133 2138 2275 2199 haec
2316 2140 2663 2225 propinqua
2738 2162 2741 2179 ¹

413 2234 584 2275 causa
630 2232 752 2273 non
817 2233 856 2273 o
902 2224 1042 2289 stat,
1101 2213 1413 2292 quominus
1472 2234 1679 2275 arcana
1727 2213 1841 2275 Dei
1900 2212 2112 2276 electio
2170 2215 2331 2277 inter
2387 2214 2665 2275 homines

415 2290 726 2368 discernat,
761 2302 829 2351 ut
866 2288 1107 2351 credant
1137 2291 1237 2368 qui
1275 2290 1530 2351 ordinati
1564 2302 1701 2351 sunt
1734 2291 1809 2351 ad
1836 2291 2033 2369 vitam,
2070 2290 2164 2353 alii
2200 2304 2401 2355 autem
2438 2292 2665 2372 stupidi
2739 2288 2742 2313 ¹

412 2378 705 2430 maneant.
787 2365 861 2430 In
901 2365 1091 2428 verbis
1131 2367 1497 2447 Prophetae,
1542 2370 1817 2448 quoniam
1865 2367 2005 2430 alibi
2054 2389 2120 2428 ea
2171 2369 2457 2450 exposui,
2504 2391 2663 2430 nuuc

417 2444 648 2526 longius
687 2462 812 2504 non
851 2443 1124 2504 insistam.
1201 2443 1328 2516 Nec
1363 2463 1505 2504 vero
1544 2445 1773 2506 curiose
1812 2445 2011 2506 retulit
2031 2445 2265 2519 Paulus,
2308 2465 2471 2538 quae
2508 2445 2665 2525 apud

413 2519 772 2601 Prophetam
821 2519 1009 2600 ipsum
1053 2517 1375 2594 habentur,
1436 2519 1537 2582 sed
1578 2521 1769 2600 potius
1808 2523 1931 2582 eius
1977 2522 2156 2584 verba
2202 2522 2275 2584 ad
2320 2523 2663 2584 institutu-

414 2619 582 2660 suum
623 2595 870 2656 deflexit.
943 2597 1154 2674 Itaque
1199 2597 1703 2672 excoecationem,
1755 2620 1927 2677 quam
1966 2597 2261 2679 Propheta
2294 2597 2523 2660 tribuit
2556 2620 2659 2659 oe-

417 2675 578 2735 culto
597 2673 713 2732 Dei
751 2670 990 2748 iudicio,
1029 2691 1230 2732 eorum
1269 2672 1524 2732 malitiae
1562 2674 1639 2732 im
1686 2687 1827 2736 utat.
1900 2674 2149 2736 Iubetm·
2170 2675 2331 2736 enim
2350 2675 2659 2756 Propheta

414 2749 621 2812 oculos
654 2746 918 2808 oblinere
954 2749 1072 2839 suis
1106 2748 1487 2823 auditoribus,
1524 2749 1645 2810 Pau
1671 2773 1735 2811 us
1765 2749 1867 2841 ‘bic
1900 2752 2107 2812 aetatis
2139 2771 2277 2814 suae
2314 2751 2659 2814 incredulos

413 2838 690 2992 ἓῖἓιῗζῖἱὲ
725 2823 916 2992 3:132,
951 2825 1174 2960 1⁵32&
1181 2826 1312 2961 {31¹5
1315 2847 1639 2991 ἓρὶἳξῗέἰῖξ
1640 2839 2657 2988 {ztztcaesszffltmagtmzt

415 2977 620 3058 clausis
668 2975 848 3038 oculis
894 2989 1106 3056 sponte
1151 2990 1478 3054 ementire,
1540 2979 1710 3040 sicuti
1757 2981 1875 3040 duo
1926 2979 2068 3042 haec
2114 3001 2153 3042 o
2195 2980 2337 3042 time
2386 2983 2553 3044 iuter
2596 3003 2657 3043 se

415 3055 796 3129 conveniunt,
833 3064 900 3112 ut
936 3049 1071 3114 alibi
1094 3051 1306 3112 dictum
1349 3053 1479 3116 fuit.
1551 3053 1623 3116 In
1666 3070 1963 3136 postremo
2000 3077 2151 3118 mem
2198 3078 2265 3119 ro
2288 3059 2653 3134 ubidicitur,

413 3133 508 3192 Ne
543 3129 776 3192 videant
812 3127 1020 3204 oculis,
1059 3128 1152 3189 vel
1187 3129 1423 3190 auribus
1444 3129 1699 3206 audiant,
1733 3133 1823 3195 vel
1848 3132 2027 3194 corde
2064 3133 2413 3215 intelligant,
2452 3149 2655 3198 osteu-

418 3209 506 3270 dit
539 3207 734 3278 Deus,
773 3215 986 3284 quanta
1023 3205 1098 3266 sit
1147 3204 1453 3266 doctrinae
1498 3228 1636 3269 suae
1718 3208 2085 3289 erspicuitas,
2128 3231 2343 3292 nempe
2388 3233 2544 3292 quae
2584 3215 2653 3274 ad

413 3281 784 3346 illustrandos
823 3301 1027 3344 omues
1063 3301 1263 3344 sensus
1297 3281 1530 3344 abunde
1568 3285 1665 3344 suf
1703 3285 1847 3363 ciat,
1896 3286 2010 3346 nisi
2046 3299 2333 3366 quatenus
2380 3287 2655 3350 homines

415 3356 1308 3512 {¹53³{1‘5351'352'252'j25‘125222‘3
1343 3359 2655 3520 ’ζ’,ἒῗὲἓῖὲηέᾛῗωὲῗᾝῗῖῗὶεἳῗὲἓέ

418 3476 941 3656 {octupla-agusta
957 3510 1268 3663 ‘'Qum‘’
1309 3511 1579 3574 destinati
1614 3527 1771 3592 sunt,
1809 3481 2017 3595 quibus
2038 3517 2215 3578 Satan
2253 3517 2467 3580 oculos
2506 3541 2652 3582 cou-

461 3599 540 3650 nt
783 3607 868 3646 or.
1003 3629 1016 3644 .
1043 3631 1058 3646 .
1091 3630 1107 3645 .

530 3592 624 3731 γε.
659 3663 756 3756 ,Νις
781 3629 1198 3755 opunti-amm,
1227 3677 1280 3724 et
1298 3685 1495 3724 sanent
1515 3687 1628 3726 eos.
1664 3667 1821 3730 HInc
1840 3666 2188 3750 colligimus,
2214 3690 2341 3731 nou
2372 3673 2653 3736 omnibus

418 3763 676 3824 proponi
711 3739 826 3803 Det
864 3740 1128 3815 verbum,
1164 3752 1230 3800 ut
1267 3739 1511 3802 redeant
1544 3742 1615 3804 ad
1652 3765 1851 3806 sanam
1887 3752 2173 3822 mentem,
2208 3747 2313 3808 sed
2352 3760 2651 3812 externam

415 3840 620 3881 vocem
658 3818 784 3878 sine
824 3815 1078 3908 efficacia
1121 3817 1370 3908 Spiritus
1410 3817 1469 3877 in
1508 3817 1822 3882 multorum
1862 3823 2095 3884 auribus
2132 3843 2375 3905 sonare,
2420 3835 2647 3888 tantun
2739 3831 2740 3834 ’

418 3907 485 3986 ut
521 3892 838 3983 reddantur
871 3891 1302 3983 inexcpsabnles.
1377 3895 1630 3985 Temere
1668 3909 1861 3989 autem
1899 3897 1995 3960 hic
2018 3899 2151 3960 Deo
2190 3899 2489 3980 obstrepit
2526 3927 2649 3964 car·
2739 3889 2740 3942 3

417 3966 1316 4120 ΐῖεξέριῖἱῗέῗῆεξῗῖῗεῑωῗὲἓὲ
1348 3971 1869 4127 ἷρἶῗῖἲέἱῖἔὲἓὲἳ
1884 3973 2647 4120 ἐεἶἻΣὶἱῖἰιὲῬοΝἶῗὲἕ

419 4145 530 4184 nos
567 4120 712 4182 latet
748 4119 928 4194 ratio,
977 4142 1080 4180 cur
1177 4143 1277 4182 eus
1315 4125 1508 4184 coecis
1545 4141 1819 4218 appareat
1864 4138 1927 4188 et
1960 4129 2147 4190 surdis
2184 4127 2495 4222 loquatur,
2526 4137 2647 4196 sola

418 4211 614 4262 tamen
637 4196 774 4260 ‘eius
809 4195 1112 4276 voluntas,
1155 4217 1306 4280 quae
1339 4200 1531 4268 omnis
1566 4202 1815 4270 uutitiac
1852 4203 2054 4290 regula
2088 4216 2208 4284 est,
2250 4217 2442 4274 instar
2490 4211 2647 4276 mm«
