2788 4713
357 263 436 325 56
1144 255 1233 318 IN
1270 250 1499 318 ACTA
1534 249 1827 318 APosT.

359 401 597 484 plenior
629 396 870 462 tandem
903 409 1180 481 sequutus
1217 409 1309 460 est
1341 397 1664 480 profectus.
1725 395 1900 458 Ultra
1934 395 2091 459 enim
2126 395 2411 482 progredi
2432 416 2623 480 opor-

363 478 479 540 tuit
493 501 518 569 ².
549 477 683 558 quia
766 495 830 536 er
867 495 930 538 se
967 497 1093 538 non
1131 477 1379 537 multum
1424 475 1697 538 valuisset
1744 474 2085 566 admiratio,
2134 493 2283 560 quae
2331 475 2625 565 attonitos

365 553 703 692 ῗὲξῒωῗὲ
742 553 1227 706 ἕὲἲὲέὲἓὲἳεέῑῗ,
1251 553 1447 766 Ῑξιξὲῗ
1465 550 2231 708 ξέἓιῗιῗῗέηρῖἓὲἣξέξὲ
2296 572 2444 688 ηεξ*
2466 551 2627 688 1222}

365 709 416 768 si
455 707 836 788 contemptim
873 707 1253 788 praeterimus
1351 705 1407 765 ei
1442 724 1647 785 opera,
1684 705 1829 764 nibil
1875 725 2132 785 unquam
2179 704 2503 784 poterimus
2552 724 2631 764 ex

368 783 481 844 illis
561 783 830 846 roficere.
905 783 1100 845 Porro
1155 783 1246 843 bic
1285 781 1451 842 locus
1490 781 1851 842 documento
1888 794 1997 855 est,
2036 780 2177 862 quid
2215 799 2324 861 per
2340 801 2405 840 se
2420 781 2481 840 in
2508 780 2631 840 bo-

366 803 621 920 minibus
691 859 950 922 efficiant
1021 858 1321 920 miracula:
1402 876 1617 938 nempe
1688 858 1849 932 quod
1927 870 2233 949 stuporem
2306 857 2627 936 confusum

367 938 636 1020 gignunt.
689 937 952 998 Tametsi
973 937 1126 996 enim
1149 934 1441 994 Dominus
1478 955 1639 996 suam
1678 934 1797 994 illic
1828 946 2152 1015 potentiam
2191 945 2255 994 et
2292 933 2625 994 bonitatem

365 1013 684 1106 conspicue
721 1012 1102 1076 monstrando
1141 1023 1302 1072 recta
1323 1030 1451 1070 *nos
1488 1011 1563 1070 ad
1599 1030 1663 1072 se
1698 1021 1906 1086 vocat,
1956 1029 2105 1091 quae
2148 1021 2343 1072 tamen
2394 1019 2485 1071 est
2528 1010 2627 1070 in-

409 1090 527 1151 enit
565 1089 753 1150 nostri
789 1087 1178 1162 imbecillitas,
1217 1087 1591 1181 impingimus
1628 1086 1723 1147 vel
1762 1087 2060 1148 deficimus
2096 1086 2159 1146 in
2196 1086 2396 1148 medio
2422 1108 2627 1162 cursu,

364 1110 560 1228 §onec
597 1165 836 1226 accedat
867 1165 1186 1226 subsidium
1225 1164 1548 1225 doctrinae.
1616 1165 1920 1226 Discamus
1937 1183 2086 1248 ergo
2110 1175 2453 1224 reverenter
2474 1183 2629 1224 con-

365 1243 623 1304 siderare
659 1241 778 1300 Dei
813 1261 1016 1321 opera,
1055 1253 1122 1302 ut
1171 1261 1378 1302 eorum
1426 1241 1731 1302 admiratio
1780 1240 2084 1301 doctrinae
2130 1239 2350 1300 aditum
2399 1239 2627 1320 patefa-

367 1321 500 1382 ciat.
585 1319 738 1378 Nam
776 1338 957 1399 quum
993 1317 1146 1400 apud
1185 1337 1298 1380 nos
1335 1316 1515 1400 friget
1549 1338 1617 1378 ac
1654 1318 1874 1378 inutilis
1896 1316 2287 1392 estdoctrina‚
2326 1316 2489 1378 Deus
2524 1316 2627 1376 in-

367 1393 784 1480 gratitudinem
815 1405 1077 1456 nostram
1115 1394 1232 1456 boc
1271 1395 1455 1456 modo
1494 1394 1645 1455 iuste
1680 1394 1999 1469 ulciscitur,
2036 1393 2173 1474 quia
2212 1390 2467 1473 operula
2480 1413 2627 1454 suo-

363 1493 495 1532 rum
535 1469 784 1553 gloriam
823 1472 1361 1553 contempserimus.
1439 1471 1721 1547 Rursum,
1760 1471 1894 1551 quia
1930 1491 2055 1530 non
2096 1482 2214 1530 tam
2252 1491 2448 1530 sumus
2484 1485 2633 1550 per·-

331 1583 336 1594 '
365 1549 655 1686 imi?
681 1559 770 1684 2¹3²
791 1548 893 1686 „³0¹2
925 1546 2501 1686 ‘313⁸‘{532383³''133203332‘2322‘2'22‘3021223‘
2514 1546 2633 1682 ’,ἕῖ

363 1699 724 1764 miuiculum.
782 1700 857 1761 In
895 1645 1138 1777 immid,
1175 1667 1423 1762 alterun'n
1448 1700 1520 1761 ab
1546 1701 1733 1762 altero
1762 1644 2015 1792 separat}
2035 1720 2165 1760 nou
2188 1697 2387 1759 debet.
2438 1697 2631 1760 Cuius

363 1777 453 1836 rei
491 1775 756 1858 locuples
791 1779 956 1839 testis
994 1789 1083 1839 est
1105 1778 1495 1858 experientia.
1570 1776 1729 1838 Hinc
1757 1794 1926 1842 ,emm
1965 1777 2187 1841 factum
2214 1787 2325 1848 est,
2360 1787 2429 1835 ut
2449 1797 2631 1836 mun-

365 1853 474 1912 dus
511 1853 660 1914 adeo
699 1874 1007 1948 perperam
1045 1854 1256 1916 abusus
1293 1855 1369 1916 sit
1406 1853 1715 1916 miraculis.
1788 1852 2059 1934 Papistae
2096 1851 2420 1914 identidem
2446 1851 2633 1913 mira·-

365 1929 496 1989 cula
555 1929 860 1991 obiiciunt.
937 1932 1252 2014 Fingamus
1297 1950 1437 1993 vera
1472 1949 2041 2022 ‚esse-quaecunque
2080 1929 2328 2020 iactant,
2372 1946 2631 2010 magno-

365 2025 511 2086 pere
546 2018 748 2068 tamen
787 2019 984 2068 errant
1019 2008 1080 2067 in
1123 2028 1232 2083 eo,
1271 2007 1435 2089 quod
1470 2028 1533 2067 m
1570 2005 1825 2066 ahenum
1870 2005 2050 2066 finem
2096 2005 2195 2066 nlla
2244 2005 2635 2084 detorquent,

366 2102 580 2165 nempe
620 2095 687 2143 ut
725 2084 1048 2146 obscurent
1082 2084 1196 2143 Dei
1235 2103 1457 2145 nomen
1494 2095 1558 2150 et
1597 2103 1798 2162 puram
1822 2080 2124 2164 Evangelii
2160 2081 2467 2142 veritatem
2502 2082 2630 2144 suis

367 2161 716 2221 commentis
751 2161 1029 2222 inficiant.
1105 2159 1284 2222 Unde
1321 2161 1479 2220 enim
1516 2170 1611 2220 tot
1646 2159 2035 2240 superstitiosi
2082 2170 2146 2220 et
2182 2158 2347 2238 impii
2384 2170 2633 2219 sancto-

365 2257 497 2294 rum
537 2233 725 2297 cultus
771 2236 884 2298 nisi
931 2257 1000 2296 ex
1036 2233 1453 2298 miraculorum
1492 2235 1711 2297 abusu?
1759 2235 1911 2296 Nam
1948 2257 2129 2313 quum
2152 2233 2491 2296 miraculum
2514 2234 2631 2295 ali-

364 2312 532 2388 quod
569 2312 794 2388 editur,
842 2313 1203 2377 commoveri
1249 2313 1519 2376 bomiues
1534 2329 1797 2384 ,neeesse
1836 2323 1941 2373 est.
2020 2311 2181 2387 Quia
2230 2323 2423 2376 autem
2462 2311 2633 2373 surdi

366 2401 505 2450 sunt
540 2390 614 2451 ad
650 2389 915 2467 verbnm,
953 2408 1066 2454 nec
1103 2391 1419 2451 attendunt
1454 2388 1593 2470 quid
1634 2388 1745 2451 sibi
1782 2390 1946 2450 Deus
1994 2389 2168 2464 velit,
2214 2400 2403 2449 astute
2440 2388 2631 2449 Satan

266 2468 272 2476 ’
368 2486 439 2525 ex
495 2479 739 2548 stupore
795 2480 1004 2529 nostro
1065 2468 1494 2561 superstitionis
1550 2488 1748 2529 ansam
1802 2478 2015 2547 captat.
2091 2464 2273 2525 Exem
2318 2464 2358 2525 li
2408 2465 2631 2547 gratias

365 2543 700 2627 Agnoscam
748 2544 866 2604 Dei
915 2556 1244 2625 potentiam
1289 2546 1353 2605 in
1402 2542 1706 2604 miraculo.
1792 2544 1858 2603 Si
1904 2565 1941 2604 a
1986 2542 2171 2603 Petro
2222 2563 2255 2603 e
2296 2554 2443 2603 1tum
2490 2542 2633 2619 fuit,

365 2632 556 2681 extem
601 2620 660 2681 lo
699 2633 980 2704 suggeret
1013 2622 1156 2681 mibi
1195 2622 1407 2683 Satan:
1462 2621 1724 2681 Videsne
1760 2620 1917 2681 bunc
1956 2619 2213 2681 divinum
2252 2638 2379 2679 esse
2430 2618 2631 2679 bomi-

365 2696 540 2789 nem?
639 2697 1042 2791 ivi-numOergo
1083 2698 1168 2759 illi
1220 2698 1441 2759 cultum
1490 2697 1713 2791 debes..
1765 2697 1937 2789 Idem
1984 2696 2327 2777 contigisset
2371 2694 2633 2771 Iudaeis,

363 2794 480 2908 :32⁸3
509 2785 1124 2930 5‡}?„‘;¹*222‡}.,{ffi¹
1157 2772 2633 2933 :satim5,5;‘‚‘¹f2{‘1'1·2⁶¹3&31333‘40323

366 2926 672 3015 hominum
709 2925 1034 3016 admiratio.
1099 2925 1242 3000 Quo
1281 2930 1465 3009 magis
1502 2925 1753 2987 sollicite
1788 2948 1824 2986 a
1858 2926 2045 2987 verbo
2084 2926 2341 3016 petenda
2378 2934 2469 2985 est
2496 2944 2633 2985 me-

366 3000 580 3074 dimna,
616 3012 685 3061 nt
721 2998 1007 3061 miraculis
1047 3014 1276 3063 erectos
1313 3002 1585 3063 doctrina
1620 3004 1684 3062 in
1720 3014 1951 3063 rectum
1986 3000 2164 3063 finem
2204 3000 2435 3084 dirigat.

519 3082 613 3142 11.
687 3076 770 3136 In
793 3080 1049 3153 porticu.
1113 3076 1444 3152 Verisimile
1483 3089 1572 3138 est
1610 3090 1958 3139 exstructam
1996 3098 2073 3139 eo
2112 3079 2249 3139 loco
2280 3078 2455 3139 fuisse
2482 3099 2633 3159 por-

365 3152 585 3244 ticum²
635 3153 742 3214 ubi
797 3152 1110 3239 aliquando
1149 3153 1488 3215 Salomonis
1528 3156 1797 3246 porticus
1838 3155 2058 3232 fuerat,
2106 3156 2365 3235 indeque
2404 3176 2633 3215 nomen

309 3253 328 3271 ⁰
365 3249 693 3310 sumpsisse.
767 3228 920 3291 Nam
958 3241 1124 3291 vetus
1159 3230 1446 3309 templum
1485 3230 1742 3291 dirutum
1776 3230 1997 3309 fuerat,
2048 3233 2150 3295 sed
2192 3232 2317 3293 eius
2354 3231 2633 3308 formam,

409 3318 650 3367 uantum
696 3306 759 3367 in
805 3325 869 3367 se
909 3316 1065 3381 erat,
1114 3306 1446 3368 Serubabel
1486 3319 1548 3369 et
1583 3308 1767 3369 Esdra
1810 3308 2021 3371 imitati
2068 3310 2323 3372 fucrant.
2407 3307 2633 3371 Postea

363 3382 636 3519 stiffi?
637 3383 2423 3525 255?{35321‘0333‘3522323‘1'1222d{xasa-,3¹:²3⁶
2458 3405 2633 3542 {¹1:¹53

365 3534 658 3597 cordibus.
793 3536 1018 3598 ominat
1053 3549 1248 3598 autem
1271 3538 1460 3599 Lucas
1482 3550 1773 3619 -tanquam
1810 3538 2011 3603 locum
2042 3540 2291 3605 maxime
2308 3536 2435 3601 cele
2480 3558 2633 3615 rem,

361 3611 438 3672 ad
473 3632 653 3689 quem
692 3632 1012 3675 concursus
1049 3614 1258 3696 populi
1295 3614 1481 3677 sactus
1520 3615 1719 3678 fuerit.

532 3783 631 3851 12.
713 3783 968 3851 Videns
1009 3796 1224 3853 autem
1265 3788 1517 3864 Petrus,
1558 3786 1901 3875 respondit
1942 3784 2029 3853 ad
2066 3786 2415 3877 populume
2477 3788 2628 3854 Viri

365 3884 726 3966 Israelitae‚
781 3885 940 3973 quid
993 3888 1310 3955 miramini
1371 3910 1571 3977 super
1622 3888 1778 3967 hoc,
1828 3886 1940 3953 vel
1990 3889 2332 3957 intuemini
2378 3890 2449 3955 in
2488 3912 2630 3968 νοε,

362 3989 546 4075 quasi
589 3989 852 4076 propria
891 3992 1186 4073 potentia
1227 3988 1335 4055 vel
1369 3993 1613 4077 pietate
1654 3988 1829 4053 bunc
1866 3990 2211 4057 fecerimus
2252 3988 2631 4057 ambulare?

365 4088 465 4153 13.
505 4086 692 4155 Deus
731 4086 1074 4170 Abrabam,
1113 4091 1309 4169 Isaac,
1348 4101 1414 4155 et
1452 4088 1682 4168 Iacob,
1724 4090 1910 4157 Deus
1948 4102 2205 4179 patrum
2254 4102 2627 4159 nostrorum

363 4186 750 4271 glorificavit
789 4186 1028 4255 Filium
1067 4210 1252 4255 suum
1275 4190 1508 4269 Iesum,
1551 4212 1741 4277 quem
1784 4212 1903 4258 vos
1938 4192 2311 4273 tradidistis,
2342 4202 2407 4259 et
2431 4214 2625 4279 quem

361 4293 645 4374 negastis
697 4310 913 4357 coram
967 4292 1134 4357 facie
1179 4292 1394 4369 Pilati,
1460 4312 1657 4377 quum
1710 4290 1827 4357 ille
1879 4292 2227 4359 iudicasset
2278 4290 2628 4360 absolven-

363 4386 532 4454 dum.
569 4448 582 4459 .
619 4390 719 4463 14.
765 4396 910 4465 Vos
949 4404 1160 4465 autem
1202 4394 1508 4471 Sanctum
1542 4404 1613 4462 et
1639 4394 1878 4463 Iustum
1913 4394 2211 4479 negastis,
2254 4404 2321 4461 et
2346 4394 2623 4479 petiistis
