2788 4713
1099 282 1106 289 .
1137 234 1415 301 caru‘r
1450 236 1611 299 xiv.
2309 281 2318 290 .
2382 244 2503 309 233

257 378 442 443 vlam:
513 328 646 441 sed.
676 378 814 461 quia
882 378 1156 461 undique.
1203 392 1264 441 et
1331 380 1575 463 singulis
1634 382 1945 447 momentis
2012 382 2305 447 innumeri
2370 406 2503 445 sur-

343 467 414 517 nt
451 454 733 529 insultus,
781 454 881 535 qul
933 476 1042 519 nos
1091 455 1162 519 ad
1215 456 1607 519 desectionem
1642 456 1994 536 sollicitent,
2047 460 2188 525 inde
2244 461 2504 525 nascitur

303 528 576 595 iffieultas
627 543 688 591 et
730 531 866 592 ideo
913 544 1026 593 tam
1076 553 1205 594 rara
1243 534 1600 595 constantiae
1637 534 1847 595 virtus:
1888 556 2040 619 ,ergo
2090 550 2157 597 ut
2206 536 2271 600 in
2322 536 2503 601 finem
2600 562 2607 579 ·

257 620 1254 747 333⁶„1355’22ffi23‘152m322132’
1281 629 1382 745 Εἰ*
1384 608 2277 770 30⁰321-:2q52333ffi-‚2‘0ss22
2288 612 2505 751 ciiii}

1746 762 1761 778 ο
2071 732 2092 765 2

261 762 470 825 hostes
519 760 754 821 exsertis
805 760 1010 841 gladiis
1063 772 1124 821 et
1171 762 1189 821 i
1235 762 1405 824 nibus
1440 762 1692 823 accensis
1741 774 2036 823 ‚intentant
2113 764 2215 825 sed
2264 736 2551 827 nominel

260 836 714 899 tribulationum
745 837 1155 917 complectitur
1175 782 1360 899 ἔασας
1402 858 1605 899 omnes
1640 858 1960 915 aerumnas,
1998 802 2208 919 qssibus
2250 841 2507 904 obnoxia
2544 823 2625 895 ²-

265 926 362 977 est
399 914 630 993 piorum
667 912 812 973 vita:
855 933 976 974 non
1018 914 1175 993 quod
1215 912 1326 975 soli
1365 913 1565 975 fideles
1604 915 1799 976 miseri
1836 916 1953 975 sint
1992 916 2122 995 quia
2165 915 2305 977 haec
2344 939 2507 979 com-

267 990 462 1051 munis
513 1001 602 1049 est
646 988 940 1049 bonorum
977 1002 1052 1067 ,et
1099 990 1386 1051 malorum
1425 989 1720 1065 conditio,
1775 993 1932 1052 unde
1980 1004 2042 1052 et
2078 990 2321 1053 celebre·
2362 993 2537 1057 illud'

269 1064 686 1149 proverbium,
737 1064 794 1125 0
841 1068 1042 1126 timum
1085 1084 1206 1129 esse
1253 1088 1376 1129 non
1418 1066 1606 1142 nasci,
1654 1067 1977 1149 proximum
2012 1086 2156 1129 vero
2204 1088 2375 1147 quam
2426 1070 2507 1129 ci-

269 1143 490 1206 tissime
527 1143 698 1200 mori.
825 1140 896 1201 od
945 1164 1122 1221 quum
1171 1162 1344 1225 saepe
1389 1142 1581 1224 impiis
1627 1155 1826 1224 parcat
1862 1143 2023 1204 Deus
2072 1154 2135 1204 et
2184 1164 2285 1225 eps
2332 1144 2510 1205 rebus·

267 1217 566 1301 prosperis
603 1217 867 1299 saginet,
925 1238 991 1279 er
1033 1240 1065 1278 a
1115 1218 1268 1281 filios
1305 1240 1445 1281 suos
1492 1219 1781 1301 austerior
1830 1232 1919 1281 est
1968 1240 2035 1283 ac
2084 1219 2315 1281 durior:
2374 1240 2511 1282 nam

267 1306 508 1379 praeter
543 1313 884 1359 communes
919 1315 1020 1355 mo
1045 1296 1215 1357 estias
1251 1295 1447 1356 multis
1482 1296 1871 1357 incommodis
1906 1295 2277 1376 peculiariter
2296 1316 2513 1378 urgen-
2566 1316 2579 1339 ⁸

267 1384 372 1435 tur
452 1388 522 1431 ae
567 1367 781 1431 talibus
830 1370 1113 1433 exercitiis
1159 1372 1179 1431 i
1219 1392 1315 1433 sos
1352 1372 1643 1433 Dominus
1690 1372 1981 1449 humiliat,
2032 1393 2265 1433 carnem
2306 1392 2511 1433 eorum

269 1468 351 1510 ne
383 1414 643 1507 lasciviat
678 1447 800 1509 sub.
830 1445 1014 1507 ferula
1053 1448 1394 1509 coniuctus
1444 1446 1836 1533 expergefacit
1887 1468 1964 1509 ne
2014 1448 2195 1529 sopiti
2243 1441 2307 1508 i'n
2356 1412 2557 1510 terra(

267 1526 522 1587 iaceant.
593 1522 901 1583 Accedunt
951 1523 1162 1584 deinde
1201 1524 1417 1605 probra
1453 1534 1515 1583 et
1553 1523 1943 1585 contumeliae
1980 1524 2324 1607 impiorum:
2376 1546 2512 1586 nam

271 1610 516 1681 oportet
551 1614 678 1659 esse
715 1599 876 1681 quasi
921 1600 1125 1661 mundi
1173 1600 1541 1661 catbarmata.
1630 1600 1880 1663 Ridetur
1916 1620 2119 1663 eorum
2157 1600 2517 1682 simplicitas,

271 1676 468 1756 impiis
506 1693 648 1735 vero
687 1675 748 1735 in
785 1675 980 1735 Deum
1021 1673 1284 1737 ludibriis
1336 1678 1575 1737 maxime
1620 1688 1901 1737 uruntur:
1950 1690 2249 1758 postremo
2290 1679 2517 1759 impro-

271 1752 487 1815 borum
529 1749 713 1812 libido
753 1750 812 1811 in
849 1765 1110 1831 apertam
1146 1752 1485 1815 violentiam
1522 1753 1791 1834 erumpit.
1866 1752 1959 1813 Ita
1998 1774 2129 1815 cum
2168 1752 2364 1815 multis
2402 1752 2511 1815 tri-

269 1826 670 1893 bulationibus
691 1826 890 1889 luctari
916 1847 1149 1891 necesse
1163 1826 1415 1906 babent,
1452 1849 1563 1891 nec
1598 1830 1725 1891 fieri
1808 1840 1963 1890 otest
2026 1830 2124 1890 uin
2148 1841 2276 1891 tota
2300 1841 2506 1891 eorum
2531 1872 2597 1889 ..-
2636 1868 2647 1900 ,

142 1930 156 1946 ·
273 1906 392 1967 vita
431 1904 586 1964 inter
619 1914 716 1965 tot
755 1904 950 1967 bostes
985 1905 1152 1967 valde
1189 1902 1399 1967 infesta
1420 1906 1498 1967 sit
1536 1918 1595 1967 et
1632 1906 1909 1989 inquieta.
2035 1907 2105 1966 ed
2131 1905 2273 1969 baec
2294 1907 2517 1988 optima

277 1979 608 2044 consolatio
651 1992 764 2053 est,
812 1993 874 2042 et
923 2001 1073 2060 quae
1129 1983 1200 2043 ad
1250 1982 1679 2047 confirmandos
1724 1984 1949 2044 animos
1998 1982 2231 2043 abunde
2277 1982 2517 2059 sufficit,

246 2058 404 2133 ‚Hac
441 2056 528 2117 via
570 2056 707 2116 licet
729 2056 948 2119 difficili
989 2068 1050 2119 et
1085 2078 1286 2140 aspera
1321 2060 1626 2121 transitum
1666 2080 1789 2121 esse
1826 2060 1887 2119 in
1928 2080 2172 2141 regnum
2197 2059 2341 2120 Dei:
2381 2080 2517 2121 nam

275 2134 414 2196 binc
453 2130 780 2227 colligimus
817 2132 1105 2196 feliciores
1153 2155 1276 2196 esse
1315 2141 1548 2215 piorum
1586 2135 1868 2209 miserias,
1917 2156 2089 2215 quam
2142 2136 2262 2197 sint
2311 2156 2521 2197 omnes

279 2209 483 2301 snnndi
511 2206 770 2270 deliciae.
845 2211 1276 2273 Meminerimus
1303 2232 1449 2294 ergo
1490 2212 1739 2293 primum
1780 2212 1929 2273 banc
1966 2211 2155 2303 legem
2180 2211 2352 2273 nobis
2392 2230 2517 2272 esse

277 2299 532 2430 ἓὲῗξᾶῗ
547 2284 1595 2445 ’2sti,3⁰}atb551532²⁸q‚52552⁰5:
1632 2288 1745 2450 ἐξ
1778 2287 2517 2456 ἕέἓζὲἓῗηῖζῗζιιεῖηἱζ
2554 2352 2571 2440 ι

277 2438 418 2504 Des.
545 2459 686 2501 orro
736 2439 916 2501 sutilis
964 2451 1026 2500 et
1061 2440 1234 2507 stulta
1271 2452 1362 2500 est
1400 2461 1603 2501 eorum
1652 2437 1988 2522 garrulitas,
2036 2461 2137 2518 qus
2176 2439 2313 2500 bine
2351 2439 2519 2500 colli-

279 2524 433 2598 gunt
509 2515 800 2576 atientiam
841 2537 966 2576 esse
1005 2537 1152 2597 opus
1189 2514 1390 2578 salutis
1428 2529 1705 2577 aeternae
1743 2515 2131 2591 meritorium,
2168 2515 2401 2594 quando
2423 2515 2519 2576 bic

281 2611 410 2652 non
489 2592 771 2673 {sputatur
817 2590 892 2652 de
929 2591 1126 2654 salutis
1163 2613 1361 2668 causa,
1406 2591 1509 2654 sed
1548 2591 1795 2674 qualiter
1841 2611 1977 2652 suos
2033 2591 2093 2652 iu
2146 2590 2261 2652 boc'
2296 2591 2519 2652 mundo

282 2678 535 2733 tractare
573 2665 731 2728 Deus
767 2667 983 2730 soleat:
1022 2666 1352 2730 consolatio
1392 2681 1591 2732 autem
1628 2667 1822 2730 addita
1860 2677 1979 2742 est,
2016 2688 2141 2728 non
2181 2685 2331 2747 quae
2368 2681 2521 2746 ope-

283 2764 417 2810 rum
457 2743 794 2826 dignitatem
841 2745 933 2806 vel
997 2745 1269 2806 meritum
1331 2743 1571 2808 extollat
1662 2743 1764 2805 se'd
1812 2755 2039 2805 tantum
2091 2742 2165 2803 ad
2218 2742 2524 2827 erigendas

285 2819 520 2904 piorum
557 2825 780 2885 mentes
827 2842 904 2882 ne
951 2821 1058 2883 sub
1109 2821 1294 2883 crucis
1345 2841 1530 2884 onere
1610 2820 1856 2882 eficiant.
1945 2819 2285 2881 Promiscue
2324 2830 2392 2878 ut
2428 2818 2522 2878 di·-

285 2907 445 2962 ctum
485 2907 604 2971 est,
651 2896 842 2958 multis
879 2897 1040 2960 malis
1076 2897 1405 2959 subiectum
1446 2910 1535 2960 est
1580 2895 1885 2958 hominum
1924 2915 2126 2980 genus.
2201 2895 2385 2974 Atqui
2424 2915 2523 2962 re·-

284 2971 491 3056 probis
538 2989 677 3034 suae
719 2974 1066 3040 afflictiones
1113 2973 1258 3034 nihil
1306 2974 1466 3036 aliud
1512 2985 1651 3037 sunt
1686 2993 1859 3054 quam
1906 2971 2231 3035 inferorum
2282 2971 2521 3032 atriums

282 3050 498 3112 sanctis
535 3069 676 3109 vero
725 3051 789 3110 in
837 3051 1082 3112 faustum
1133 3049 1463 3132 laetumque
1512 3051 1687 3118 finem
1725 3049 1973 3127 cedunt,
2020 3049 2289 3129 adeoque
2326 3046 2525 3112 salutis

280 3135 425 3190 sunt
471 3125 827 3201 adiumenta,
875 3129 1008 3207 quia
1055 3127 1487 3194 communicant
1534 3151 1665 3190 eum
1706 3125 1964 3195 Christo.
2052 3125 2387 3187 Notandum
2436 3134 2525 3184 est

285 3201 450 3284 quod
487 3201 698 3262 Paulus
749 3213 810 3263 et
845 3203 1030 3267 Lucas
1075 3203 1286 3285 plurali
1321 3225 1571 3266 numero
1610 3224 1731 3264 non
1772 3202 2037 3264 contenti
2074 3200 2292 3263 diserte
2331 3200 2525 3282 eapti-
2562 3203 2577 3266 l

284 3289 478 3352 munt,
517 3277 726 3339 Multas
762 3279 1193 3356 tribulationes,
1233 3282 1457 3360 nequis
1494 3302 1611 3342 una
1652 3291 1715 3339 et
1750 3279 1929 3340 altera
1958 3277 2053 3340 vel
2090 3277 2293 3338 saltem
2329 3276 2525 3356 paucis

287 3355 631 3436 defunctum
685 3375 748 3418 se
808 3367 1016 3437 putans
1077 3357 1312 3418 tandem
1357 3356 1712 3418 succumbat.
1796 3355 2073 3414 statuant
2108 3372 2252 3436 ergo
2303 3351 2527 3426 fideles,

285 3431 401 3493 sibi
449 3451 558 3512 per
593 3431 896 3498 continuas
939 3453 1239 3498 aerumnas
1288 3434 1652 3524 pergendum
1698 3451 1853 3493 esse:
1913 3428 2126 3490 deinde
2176 3429 2361 3511 parati
2408 3427 2528 3490 sint

285 3525 414 3572 uon
453 3507 526 3568 ad
564 3528 744 3570 unum
779 3509 960 3572 modo
1041 3507 1471 3589 ersequutioms
1510 3529 1715 3592 genus,
1752 3505 1853 3572 sed
1892 3506 1964 3567 ad
1986 3505 2235 3567 diversas
2271 3504 2527 3587 speciesa

289 3603 426 3647 nam
465 3583 572 3646 etsi
610 3604 742 3646 cum
779 3584 988 3664 quibus
1029 3601 1119 3646 am
1155 3584 1352 3645 mitius
1397 3587 1521 3678 agit
1556 3585 1753 3660 Deus.
1798 3583 2019 3643 nemini
2054 3592 2249 3643 tamen
2288 3599 2529 3644 suorum

287 3659 372 3722 ita
409 3661 672 3724 suaviter*
697 3660 984 3747 indulget,
1019 3673 1086 3730 ut
1121 3681 1156 3724 a
1191 3659 1670 3724 tribulationibus
1706 3659 1787 3724 sit
1824 3679 2061 3739 prorsus
2096 3657 2389 3720 immunis.

453 3838 558 3908 23.
645 3839 866 3928 Quum
917 3851 1128 3907 autem
1176 3837 1495 3926 suffragiis
1546 3852 1870 3908 creassent
1922 3837 2052 3908 illis
2106 3831 2527 3932 presbyteros

289 3959 414 4027 per
465 3939 772 4026 singulas·
793 3939 1145 4019 Eeclesias,
1207 3943 1453 4026 precati
1501 3962 1643 4011 cum
1662 3989 1671 3996 -
1691 3943 1951 4010 ieiuniis
2002 3935 2529 4006 commendarunt

293 4061 412 4106 eos
453 4037 774 4121 Domino,
809 4043 876 4112 in
907 4059 1098 4126 quem
1145 4039 1568 4110 crediderant.
1670 4043 1773 4110 24.
1838 4042 1923 4108 Et
1968 4046 2369 4110 transeuntes
2408 4056 2531 4124 per

292 4139 632 4220 Pisidiam,
683 4150 1000 4208 venerunt
1053 4142 1120 4204 in
1173 4139 1635 4228 Pamphyliam.
1734 4141 1838 4207 25.
1890 4141 1974 4206 Et
2030 4157 2223 4225 quum
2279 4133 2530 4223 loquuti

293 4251 508 4308 essent
541 4243 784 4327 Pergae
807 4225 1182 4318 sermonem,
1229 4239 1703 4308 descenderunt
1739 4244 1808 4310 iu
1830 4239 2155 4306 Attaliamz
2192 4237 2296 4306 26.
2320 4237 2531 4324 Atque

297 4339 454 4410 inde
493 4345 874 4428 navigarunt
911 4341 1350 4419 Antiochiam,
1402 4339 1579 4410 unde
1638 4339 1891 4410 interant
1934 4340 2253 4410 commissi
2292 4341 2532 4428 gratiae
