2788 4713
1099 225 1378 298 CAPUT
1417 229 1557 294 vn.
2093 191 2117 201 ο
2214 188 2240 206 ·
2347 244 2474 311 129·

175 373 246 436 lis
287 383 355 434 et
391 371 530 464 ipso
573 369 782 462 mqrtis
821 382 1164 452 conspeetu.
1243 371 1431 450 Quod
1468 373 1681 438 Mosen
1718 396 1851 440 cum
1888 375 2105 463 angelo
2158 389 2222 441 et
2262 382 2453 473 patri-

171 449 290 514 bus
333 449 522 510 fmsse
565 448 728 524 dicit,
761 445 944 518 lon-e
983 447 1208 510 diversa
1245 462 1334 512 est
1370 453 1539 512 ratio.
1615 451 1888 516 Patribus
1926 458 2085 518 euim
2132 454 2337 532 assuit,
2385 471 2453 522 ut

171 548 242 590 se
293 525 422 587 illis
462 523 674 586 ducem
720 543 788 584 ex
825 523 943 584 Dei
991 525 1266 587 mandato
1315 527 1660 608 praeberet,
1713 529 1826 590 suit
1876 552 2007 592 cum
2056 531 2268 617 angelo
2318 547 2450 596 tan—

175 625 368 684 quam
408 601 701 662 minister:
756 600 914 661 unde
962 602 1229 682 sequitur
1263 624 1389 664 non
1430 605 1659 685 privato
1722 605 1943 668 homini
2004 609 2219 684 factam,
2268 610 2449 674 fuisse

177 679 493 751 iniuriam,
533 677 632 738 sed
665 675 1089 771 gubernationi
1129 677 1387 753 divinae,
1428 681 1662 760 quando
1704 702 1827 742 non
1867 683 2098 746 obstitit
2144 687 2328 750 utrius
2372 709 2450 750 ue

179 755 547 827 reverentia,
583 775 720 835 qum
761 774 841 834 po
888 753 1016 814 ulus
1053 753 1116 814 in
1155 756 1495 817 sceleratam
1536 758 1841 838 perfidiam
1866 780 1928 820 se
1953 761 2301 841 proriperet.
2413 784 2448 825 e

168 829 414 914 ‘angelo
464 831 574 890 iam
621 831 783 911 prius
875 831 1094 892 iximus.
1183 831 1306 892 Sed
1363 832 1735 914 participium
1781 839 2080 902 λαλοῦντος
2112 839 2449 922 ambiguum

187 929 428 972 sensum
468 905 656 968 babet.
730 907 881 968 Nam
917 907 1012 968 vel
1052 907 1126 968 de
1213 908 1354 970 rima
1391 909 1617 972 visione
1656 922 1855 992 potest
1888 909 2161 994 intelligi,
2201 936 2314 994 qua
2336 937 2447 978 vo..

194 995 360 1046 catus
398 983 506 1044 suit
541 984 737 1045 Moses
776 983 850 1044 ad
891 983 1148 1044 redimen
1197 1007 1290 1044 um
1342 985 1656 1078 populum,
1706 986 1798 1048 vel
1840 987 1913 1047 de
1951 1009 2223 1050 sermone
2275 1013 2450 1072 quem

191 1061 358 1122 Deus
413 1081 542 1122 cum
588 1062 761 1122 Mose
822 1059 1032 1120 habuit
1075 1074 1211 1142 post
1257 1073 1568 1123 traiectum
1604 1084 1766 1124 mare
1804 1063 2067 1124 rubrum.
2146 1063 2451 1141 Quoniam

189 1151 386 1200 autem
447 1149 704 1216 utroque
759 1137 942 1198 modo
991 1157 1055 1198 se
1105 1138 1527 1219 redemptionis
1579 1159 1702 1201 esse
1741 1153 2041 1202 auctorem
2077 1153 2323 1206 testatus
2364 1157 2455 1206 est

188 1214 462 1277 Christus
527 1235 650 1274 non
693 1213 942 1274 multum
966 1214 1168 1275 refert
1205 1227 1402 1275 utrum
1434 1216 1641 1296 eligas:
1682 1218 1801 1276 imo
1836 1217 1983 1278 nibil
2015 1218 2267 1311 impedit
2304 1241 2455 1302 quo·-

181 1291 380 1352 minus
417 1257 490 1350 ad
529 1302 847 1370 utrumque
887 1291 1177 1352 extendas.
1251 1292 1401 1353 Nam
1442 1297 1543 1373 qui
1582 1293 1735 1354 Mosi
1774 1291 1941 1373 loqui
1978 1292 2051 1354 ab
2076 1293 2263 1356 ‘initio
2308 1317 2449 1358 coe-

180 1379 376 1450 perat,
415 1377 482 1426 ut
521 1386 654 1426 eum
693 1368 756 1426 in
795 1365 1134 1448 Aegyptum
1173 1371 1452 1445 mitteret,
1492 1371 1853 1432 continuavit
1902 1382 2109 1454 postea
2154 1374 2451 1436 sermonis

179 1445 275 1508 sni
317 1455 614 1518 tenorem,
653 1441 844 1502 donec
882 1444 1213 1523 pe‘rfectum
1253 1457 1405 1506 esset
1444 1468 1610 1526 opus.

350 1519 470 1604 Qut'-
503 1523 752 1594 suscepz't
786 1523 914 1578 viva
951 1519 1212 1580 oracula.
1288 1521 1559 1582 Erasmus
1597 1521 1920 1599 transtulit,
1972 1520 2325 1598 Sermonem
2364 1526 2455 1586 vi·-

181 1619 353 1660 vum:
392 1595 496 1656 sed
538 1596 641 1676 qui
681 1595 912 1656 Graece
951 1609 1206 1672 norunt,
1244 1598 1453 1676 melius
1492 1599 1667 1660 fuisse
1718 1621 1749 1659 a
1797 1619 1893 1660 me
1940 1601 2234 1661 redditum
2290 1601 2453 1682 quod

187 1676 334 1737 dicit
371 1673 730 1753 Stephanus,
768 1685 1108 1754 agnoscent.
1185 1675 1334 1736 Nam
1371 1674 1730 1736 inor-aculis
1768 1676 1954 1736 maior
1993 1698 2165 1757 quam
2212 1679 2273 1738 in
2326 1701 2455 1739 ser-

185 1771 372 1812 mone
411 1751 567 1810 inest
605 1751 886 1810 maiestas.
963 1749 1224 1810 Tantum
1275 1751 1348 1812 de
1393 1772 1541 1812 voce
1582 1752 1825 1832 loquor,
1877 1753 2002 1814 scio
2046 1753 2206 1813 enim
2245 1776 2455 1816 oracu-

185 1827 312 1890 lum
353 1845 478 1888 esse
519 1825 792 1906 quicquid
836 1846 903 1887 ex
941 1847 1046 1887 ore
1084 1827 1203 1887 Dei
1241 1839 1457 1889 manat.
1534 1828 1727 1889 Porro
1776 1829 1865 1889 his
1904 1829 2096 1890 verbis
2136 1833 2453 1893 auctorita-

181 1917 310 1968 tem
348 1902 536 1964 Mosis
577 1901 878 1964 doctrinae
915 1903 1212 1980 conciliat,
1251 1903 1387 1995 quia
1426 1904 1575 1965 nihil
1612 1904 1676 1966 in
1708 1905 1961 1968 medium
1982 1906 2297 1987 protulerit
2334 1906 2448 1968 nisi

187 2003 224 2042 a
275 1981 411 2040 Deo
465 1979 818 2060 profectum.
908 1979 1086 2040 Unde
1133 1994 1399 2060 sequitur
1444 2003 1568 2041 non
1616 1993 1735 2042 tam
1774 1983 1927 2042 Mosi
1981 2005 2153 2062 quam
2201 1983 2335 2044 Deo
2384 1984 2451 2044 in

187 2057 348 2120 illius
387 2076 641 2137 persona
682 2054 930 2116 rebelles
969 2056 1145 2118 fuisse
1184 2058 1469 2134 Iudaeos,
1521 2078 1638 2138 quo
1680 2059 1863 2141 magis
1915 2059 2207 2141 detegitur
2260 2060 2451 2122 ferrea

189 2155 402 2195 eorum
438 2131 818 2214 improbitas:
878 2133 985 2192 Est
1023 2146 1217 2194 autem
1259 2134 1401 2196 haec
1440 2134 1727 2217 generalis
1768 2135 1915 2197 ratio
1938 2137 2281 2197 sanciendae
2310 2139 2454 2200 doc-

188 2211 412 2284 trinae,
461 2230 642 2290 quum
695 2209 962 2270 homines
1003 2209 1150 2270 nihil
1185 2211 1426 2271 tradunt
1466 2212 1577 2272 nisi
1619 2212 1893 2273 divinitus
1938 2212 2053 2272 sibi
2100 2211 2457 2277 mandatum.

193 2287 485 2364 Quisnam
525 2287 684 2345 enim
727 2285 1028 2346 hominum
1067 2287 1274 2348 Mosen
1313 2288 1428 2347 sibi
1466 2299 1827 2369 postponere
1867 2288 2139 2365 audebit,
2191 2291 2285 2349 cui
2335 2289 2453 2352 hoc

189 2377 424 2427 tantum
459 2364 589 2423 iure
628 2363 1017 2423 adhibendam
1059 2364 1230 2423 fuisse
1252 2365 1429 2426 fidem
1515 2366 1818 2425 renuntiat
1840 2364 2117 2445 Spiritus,
2156 2366 2289 2445 quia
2307 2365 2454 2427 doc-

192 2441 414 2501 trinam
452 2461 484 2500 a
521 2441 654 2500 Deo
695 2452 995 2519 acceptam
1033 2440 1283 2501 fideliter
1321 2387 1546 2521 popdlo
1590 2440 1956 2522 exposuerit?
2040 2440 2163 2501 Sed
2218 2440 2453 2522 quaeri-

195 2528 334 2591 tur,
383 2538 484 2575 cnr
518 2515 740 2599 Legem
785 2520 970 2574 vivum
1015 2538 1330 2577 sermonem
1379 2516 1653 2597 appellet.
1730 2516 1981 2577 Videtur
2020 2516 2174 2575 enim
2213 2517 2454 2578 minime

199 2592 324 2653 boc
376 2590 628 2685 elogium
677 2614 809 2654 cum
859 2591 1028 2653 Pauli
1075 2594 1272 2655 verbis
1322 2613 1685 2674 congruere,
1734 2592 1840 2652 ubi
1877 2592 2101 2675 Legem
2150 2592 2293 2653 dicit
2330 2614 2455 2655 esse

189 2668 584 2731 ministerium
651 2670 856 2731 mortis
929 2681 991 2730 et
1054 2669 1197 2729 iram
1261 2690 1298 2731 o
1345 2671 1523 2743 erari,
1594 2680 1657 2729 et
1714 2668 1943 2750 peccati
2006 2688 2130 2729 esse
2177 2668 2455 2731 virtutem

189 2744 310 2827 (Π.
353 2744 496 2821 Cor,
532 2752 595 2818 3,
629 2748 735 2824 7.).
823 2746 890 2806 Si
941 2744 1234 2829 intelligas
1339 2747 1494 2807 ivum
1540 2765 1901 2823 sermonem,
1954 2744 2055 2825 qui
2105 2745 2182 2807 sit
2231 2744 2455 2822 efficax,

125 2891 132 2903 ,
191 2836 260 2883 et
297 2821 400 2904 qui
441 2822 746 2884 bominum
785 2834 1130 2904 contemptu
1169 2821 1365 2883 irritus
1404 2820 1532 2882 fieri
1576 2833 1863 2901 nequeat,
1914 2820 2074 2882 nulla
2121 2820 2234 2883 erit
2278 2843 2341 2884 re
2386 2846 2456 2883 u-

187 2900 464 2983 gnantia:
523 2900 628 2960 sed
670 2901 808 2983 'ego
856 2902 1040 2960 active
1086 2921 1196 2980 pro
1237 2897 1483 2959 Vivifico
1533 2900 1789 2979 positum
1840 2898 2217 2979 interpretor.
2360 2920 2454 2960 am

239 2998 378 3037 uum
427 2974 552 3037 Lex
601 2976 699 3056 pie
747 2989 1064 3056 sancteque
1115 2975 1342 3037 vivendi
1383 2974 1655 3069 perfecta
1702 2976 1779 3036 sit
1824 2974 2027 3059 regula
2078 2986 2140 3035 et
2187 2975 2461 3037 iustitiam

254 3054 312 3113 ei
350 3052 661 3128 mendat,
693 3053 906 3113 merito
943 3054 1097 3115 vitae
1135 3066 1196 3113 et
1229 3052 1429 3113 salutis
1468 3052 1741 3115 doctrina
1777 3064 2066 3113 censetur.
2136 3050 2277 3126 Quo
2312 3074 2453 3133 per-

189 3132 346 3191 tinet
381 3128 642 3191 solennis
678 3128 776 3189 illa
815 3130 998 3189 Mosis
1038 3128 1425 3203 contestatio,
1464 3128 1601 3189 dum
1642 3128 1874 3189 coelum
1914 3139 1975 3189 et
2022 3140 2243 3191 terram
2287 3130 2457 3189 adiu-

191 3218 318 3281 rat,
385 3205 547 3299 quod
609 3206 991 3287 proposuerit
1048 3206 1196 3268 viam
1248 3206 1404 3267 vitae
1454 3216 1515 3265 et
1564 3205 1788 3265 mortis.
1868 3204 2011 3279 Quo
2064 3224 2239 3267 sensu
2280 3207 2456 3265 etiam

190 3281 522 3345 Ezechielis
563 3302 688 3363 cap.
727 3288 819 3347 20.
859 3284 1244 3362 conqueritur
1279 3282 1477 3355 Deu8‚
1514 3282 1599 3341 Le
1645 3298 1735 3341 em
1784 3302 1946 3342 suam
1994 3280 2211 3341 bonam
2266 3282 2457 3343 viola-

188 3370 314 3420 tam
353 3378 498 3433 esse,
542 3370 851 3440 praecepta
888 3358 988 3420 sua
1029 3358 1185 3420 bona
1223 3358 1296 3419 de
1336 3358 1548 3439 quibus
1629 3358 1829 3429 ixerat‚
1872 3356 1998 3433 Qui
2045 3358 2254 3419 fecerit
2294 3357 2460 3433 baec,

189 3438 350 3497 vivet
367 3437 429 3496 in
453 3434 583 3496 illis.
633 3436 755 3495 Lex
792 3436 971 3519 igitur
1017 3436 1078 3495 in
1127 3456 1192 3497 se
1229 3436 1409 3497 vitam
1449 3434 1734 3496 continet.
1806 3432 1874 3493 Si
1913 3434 2053 3515 quis
2098 3446 2298 3496 tamen
2330 3438 2461 3495 :riva

190 3512 571 3595 interpretari
609 3510 792 3587 malit,
830 3511 1122 3572 efficaciae
1163 3522 1224 3573 et
1246 3510 1473 3571 virtutis
1511 3510 1683 3591 plena
1748 3510 2147 3571 vehementius
2171 3532 2294 3572 non
2317 3533 2461 3573 con-

189 3588 452 3649 tendam.
533 3588 720 3665 Quod
757 3601 952 3650 autem
989 3588 1384 3657 ministerium
1410 3576 1629 3648 hortis
1668 3553 1911 3663 (ficitur,
1959 3586 2019 3647 id
2058 3586 2148 3649 iui
2187 3588 2459 3649 acciden-

189 3662 311 3727 tale
363 3678 454 3726 est
503 3678 754 3747 propter
801 3677 1136 3745 corruptam
1187 3663 1489 3725 bominum
1541 3675 1825 3724 naturam.
1936 3664 2253 3727 Peccatum
2302 3666 2457 3725 enim

191 3742 322 3823 ipsa
373 3762 498 3802 non
547 3752 822 3835 generat,
871 3740 975 3803 sed
1026 3741 1251 3801 invenit
1295 3740 1360 3801 in
1409 3738 1599 3819 nobis.
1674 3740 1873 3799 Vitam
1921 3736 2139 3819 offert,
2186 3742 2288 3803 sed
2329 3760 2459 3815 nos,

243 3818 337 3877 uia
381 3817 582 3881 vitiosi
631 3840 857 3894 snmus,
916 3816 1061 3878 nibil
1111 3838 1284 3898 quam
1331 3828 1587 3877 mortem
1646 3814 1873 3878 referre
1936 3816 2075 3877 inde
2138 3838 2459 3898 possumus.

192 3840 408 3974 fftaque
446 3894 680 3956 nonnisi
719 3893 1022 3954 bominum
1061 3905 1334 3975 respectu
1371 3892 1680 3955 mortifera
1719 3905 1824 3955 est.
1894 3890 2248 3974 Quanquam
2287 3890 2457 3951 altius

113 4020 117 4025 .
193 3970 456 4063 respexit
495 3972 608 4035 hoc
648 3970 785 4033 loco
827 3970 1182 4051 Stephanus:
1224 3989 1419 4051 neque
1459 3970 1617 4030 enim
1658 3970 1732 4030 de
1772 3968 1943 4030 nudis
1995 3968 2323 4059 praeceptis
2365 3967 2461 4027 lo-

195 4060 424 4128 quitur,
463 4048 568 4109 sed
602 4059 791 4109 totam
827 4047 1009 4107 Mosis
1049 4044 1379 4109 doctrinam
1420 4044 1887 4128 comprehendit:
1936 4046 1997 4105 in
2048 4066 2162 4125 qua
2202 4040 2460 4105 inclusae

193 4134 337 4186 sunt
370 4124 662 4208 gratuitae
743 4122 1134 4199 rouibsiones,
1173 4136 1349 4204 atque
1389 4122 1539 4184 adeo
1582 4122 1847 4184 Christus
1886 4121 2031 4203 ipse,
2070 4119 2239 4180 unica
2264 4118 2459 4210 homi-

193 4210 338 4262 num
379 4202 495 4263 vita
534 4211 596 4261 et
633 4222 695 4261 sa
723 4222 805 4259 us.
881 4198 1170 4261 Memoria
1210 4199 1532 4260 tenendum
1584 4209 1671 4259 est
1762 4197 2067 4265 uibuscum
2118 4195 2459 4267 hominibus

194 4276 506 4359 negotium
548 4288 674 4337 erat
713 4272 1040 4358 Stephano.
1119 4276 1497 4357 Praeposteri
1549 4220 1931 4357 eranthegis
1971 4272 2220 4364 aelatae,
2259 4274 2359 4353 qui
2398 4274 2461 4333 in

197 4366 434 4416 mortua
484 4366 712 4418 tautum
767 4364 828 4431 et
875 4352 1176 4415 mortifera
1225 4352 1397 4419 litera
1444 4350 1800 4413 haerebant:
1862 4371 1927 4437 ac
1966 4359 2203 4436 'interea
2252 4361 2460 4411 contra

265 4454 452 4501 eatvint
479 4462 724 4503 comment.
755 4455 801 4502 in
823 4456 936 4500 Acta
957 4453 1122 4510 Apost.
1827 4428 1868 4485 9
