2788 4713
433 276 552 341 44⁰
829 298 834 305 .
1197 246 1328 321 'm
1367 236 1592 323 'ACTA
1629 254 1918 319 Apos'r.

439 414 599 490 nari,
644 420 705 472 et
748 406 1050 493 improbos
1101 405 1272 465 etiam
1310 424 1519 465 eorum
1564 412 1804 465 conatus
1849 400 2068 476 fluere,
2124 399 2227 461 sed
2264 402 2532 463 tandem
2578 404 2713 485 ipso

443 488 693 555 articulo
732 486 1123 558 demonstrat,
1161 501 1223 543 se
1263 500 1331 540 ex
1367 480 1538 541 coelo
1576 479 1768 539 ridere
1806 474 2081 557 quicquid
2119 476 2179 536 in
2214 489 2379 540 terra
2422 492 2715 563 satagunt

443 566 731 629 homines.
806 562 946 621 Non
985 570 1075 621 est
1109 558 1437 641 prudentia,
1474 556 1667 637 inquit
1703 554 1943 615 Salomo
1983 553 2187 631 (Prov.
2224 560 2326 629 21,
2360 558 2549 635 aa),
2598 579 2715 617 Μ.

445 654 540 705 est
576 639 879 702 consilium
901 636 1168 699 adversus
1187 633 1539 694 Dominum:
1579 632 1672 694 cui
1706 628 2029 711 respondet
2063 629 2205 691 illud
2242 632 2483 695 Iesaiae
2508 640 2585 707 8,
2611 640 2717 707 1ο,

443 719 605 781 Inite
643 714 982 788 consilium,
1039 722 1100 771 et
1137 708 1529 793 dissipabitur:
1587 707 1852 789 proferte
1886 705 2165 783 verbum,
2227 719 2287 766 et
2326 729 2465 769 non
2511 710 2715 769 stabit

445 795 588 855 Hoc
621 793 685 853 in
721 788 1013 875 praesenti
1047 786 1287 849 historia
1315 799 1591 865 tanquam
1629 786 1689 844 in
1727 806 1753 845 s
1799 781 1967 843 eculo
1998 782 2170 844 nobis
2194 784 2715 845 considerandu-

445 869 820 953 proponitur.
895 866 1010 925 Res
1050 863 1175 924 fere
1211 874 1448 945 peracta
1488 872 1633 937 erat,
1670 872 1737 919 ut
1808 859 1969 919 aulus
2008 860 2171 940 quasi
2209 860 2435 921 devota
2462 863 2713 921 victima

445 945 736 1029 postridie
773 942 847 1004 ad
881 940 1291 1002 mactationem
1331 940 1539 999 exiret:
1580 938 1737 1019 atqui
1762 934 2050 995 Dominus
2088 936 2348 996 ostendit
2386 936 2577 997 fideli
2621 962 2715 998 ca·

447 1021 642 1087 stedia
677 1020 956 1083 munitam
997 1036 1119 1078 esse
1158 1016 1280 1077 eius
1317 1016 1528 1091 vitam,
1579 1025 1646 1079 ut
1691 1012 1901 1073 frustra
1940 1011 2162 1090 quidvis
2210 1012 2557 1074 moliantur
2612 1015 2713 1073 bo-

447 1098 654 1159 mines.
728 1098 854 1159 Nos
889 1113 1040 1155 vero
1078 1112 1201 1151 non
1238 1090 1601 1163 dubitemus,
1639 1090 1781 1169 quin
1817 1108 1977 1148 suam
2059 1088 2490 1166 revidentiam,
2554 1096 2709 1153 cuins

449 1184 595 1235 tunc
632 1175 928 1254 specimen
965 1167 1249 1243 exhibuit,
1287 1168 1359 1228 ad
1398 1188 1508 1227 nos
1544 1165 1796 1225 tuendos
1835 1175 2001 1223 exten
2045 1176 2132 1225 at:
2171 1165 2305 1246 quia
2344 1180 2573 1227 manet
2614 1168 2711 1228 fin

445 1248 780 1330 promissio,
818 1243 1077 1327 Capillus
1113 1264 1237 1304 non
1278 1242 1499 1303 defluet
1535 1261 1603 1300 ex
1640 1242 1830 1323 capite
1848 1252 2067 1316 vestro,
2090 1253 2200 1302 etc.
2222 1241 2400 1319 (Luc.
2422 1249 2536 1315 21,
2572 1248 2705 1323 18.)
2743 1310 2744 1319 χ

445 1324 548 1387 Ad
583 1324 750 1398 baec,
788 1341 1003 1405 operae
1039 1318 1290 1401 pretium
1332 1330 1421 1379 est
1456 1329 1685 1392 notare,
1722 1336 1891 1397 saepe
1914 1318 2103 1378 modis
2140 1318 2467 1398 inopinatis
2510 1320 2705 1401 ipsum

449 1420 630 1483 agere
661 1401 898 1463 solitum
933 1397 1006 1460 ad
1045 1416 1180 1457 suos
1217 1394 1563 1469 servandos,
1612 1415 1728 1473 quo
1767 1390 1973 1454 melius
2010 1393 2183 1453 fidem
2221 1406 2499 1455 nostram
2546 1418 2707 1457 mer-

357 1483 366 1502 ’“
431 1488 597 1539 ·ceat.
675 1476 824 1552 Quis
866 1484 1122 1554 putasset
1156 1470 1501 1553 retegendas
1541 1489 1663 1531 esse
1703 1488 1810 1551 per
1844 1488 2089 1550 puerum
2130 1471 2190 1530 in
2222 1469 2395 1544 idias,
2450 1494 2701 1553 quarum

445 1570 514 1613 se
550 1549 711 1613 solos
749 1550 1014 1612 conscios
1053 1567 1176 1609 esse
1201 1547 1502 1641 putabant
1540 1546 1955 1609 coniurationis
1976 1544 2157 1607 socii?
2250 1546 2509 1608 iscamus
2541 1569 2705 1633 ergo„

495 1626 710 1689 uamvis
761 1624 921 1699 nulla
959 1626 1251 1687 ordinaria
1297 1622 1469 1685 nobis
1517 1622 1769 1683 tuendae
1804 1619 1999 1689 salutis
2050 1622 2198 1683 ratio
2248 1636 2585 1715 appareat,
2646 1628 2705 1685 in

517 1704 780 1767 ominum
813 1714 1011 1765 tamen
1045 1699 1412 1777 recumbere,
1451 1698 1553 1780 qui
1590 1699 1738 1761 viam
1778 1718 1886 1779 per
1920 1700 2076 1762 invia
2112 1698 2391 1761 inveniet.

597 1880 718 1953 ‚12
797 1881 1130 1949 Accersito
1169 1890 1382 1947 autem
1422 1878 1660 1946 Paulus
1708 1878 1795 1945 ad
1834 1900 1910 1945 se
1962 1898 2095 1945 nno
2154 1898 2231 1943 ex
2270 1879 2701 1949 centurioni-

447 1980 592 2063 bus,
621 1984 737 2069 ait,
774 1980 1274 2050 Adolescentem
1303 1980 1477 2046 hunc
1517 1978 1729 2046 abduc
1767 1978 1852 2045 ad
1876 1976 2263 2045 Tribunum:
2296 1980 2506 2047 babet
2528 1990 2695 2049 enim
2743 1974 2744 2043 3

447 2079 628 2166 quod
659 2082 995 2147 renuntiet
1033 2080 1148 2146 illi.
1231 2080 1331 2147 18.
1367 2081 1457 2145 Et
1494 2080 1608 2146 ille
1636 2078 1901 2167 quidem
1944 2101 2263 2147 assumens
2306 2103 2478 2164 eum,
2524 2086 2695 2151 duxit
2743 2084 2744 2105 ¹

450 2178 538 2247 ad
581 2179 968 2259 Tribunum,
1013 2190 1080 2247 et
1121 2182 1237 2258 ait,
1275 2182 1550 2246 Vinctus
1590 2180 1826 2247 Paulus
1866 2182 2234 2247 accersitum
2276 2204 2379 2249 me
2422 2190 2695 2274 rogavit,

450 2289 527 2344 nt
565 2280 742 2362 bunc
779 2279 1260 2347 adolescentem
1299 2279 1719 2369 perducerem
1762 2280 1844 2346 ad
1884 2292 1976 2360 te,
2031 2279 2372 2349 habentem
2427 2286 2693 2376 aliquid,
2743 2306 2744 2323 ¹

449 2382 633 2468 quod
671 2382 978 2471 loquatur
1015 2381 1154 2449 tibi.
1236 2379 1336 2448 19.
1373 2377 1794 2470 Apprehensa
1838 2393 2048 2476 autem
2079 2403 2271 2448 manu
2309 2383 2509 2466 illius,
2556 2392 2689 2454 Tn‘-

449 2478 667 2547 bunus
701 2486 966 2552 secessit
1005 2506 1148 2550 cum
1201 2503 1283 2548 eo
1335 2504 1655 2561 seorsum,
1720 2493 1784 2548 et
1841 2495 2307 2570 percunctatus,
2346 2499 2451 2553 est
2494 2489 2689 2570 illum,
2743 2511 2744 2548 ι

439 2577 638 2666 ‚Quid
679 2587 804 2664 est,
862 2584 1041 2672 quod
1094 2582 1296 2650 babes
1346 2583 1831 2668 significandum
1870 2582 2063 2649 mihi?
2142 2585 2245 2650 20.
2294 2585 2421 2652 Ille
2482 2603 2689 2656 autem

449 2677 632 2761 dixit,
669 2683 897 2750 Iudaei
935 2687 1414 2771 conspirarunt,
1474 2692 1571 2747 ut·
1598 2693 1897 2768 rogarent
1934 2693 2032 2763 te,
2100 2687 2198 2750 uti
2245 2689 2528 2754 crastino
2586 2693 2687 2757 die
2743 2759 2744 2764 ,

447 2779 686 2848 educas
723 2783 992 2850 Paulum
1025 2786 1097 2850 in
1140 2782 1499 2862 concilium,
1540 2786 1722 2869 quasi
1760 2779 2009 2870 aliquid
2051 2786 2283 2850 certius
2322 2789 2689 2874 inquisituri
2743 2799 2744 2832 ³

445 2880 576 2948 sint
613 2882 697 2949 de
739 2884 875 2952 illo.
956 2885 1057 2950 21.
1113 2883 1218 2948 Tu
1256 2902 1416 2950 vero
1452 2904 1538 2949 ne
1580 2903 1821 2949 morem
1863 2889 2133 2973 gesseris
2174 2885 2339 2953 illis:
2378 2891 2689 2958 insidian-
2743 2919 2744 2922 ¹

447 2987 554 3045 tur
603 2984 773 3048 enim
831 2985 896 3050 ei
951 3005 1030 3050 ex
1079 2985 1237 3069 ipsis
1277 2984 1401 3046 viri
1451 2981 1671 3071 plures
1724 2976 2169 3070 quadraginta,
2219 2989 2331 3073 qui
2382 3009 2456 3054 se
2510 2995 2685 3078 ipsos

451 3077 874 3165 devoverunt,
911 3082 1126 3151 nevel
1167 3081 1364 3148 edant
1382 3079 1493 3148 vel
1530 3081 1775 3162 bibant,
1816 3083 2029 3152 donec
2048 3085 2489 3156 interfecerint
2514 3114 2683 3160 eum.
2743 3155 2744 3176 ,

443 3177 530 3246 Et
567 3201 744 3249 nunc
781 3187 989 3272 parati
1013 3193 1161 3250 sunt
1201 3193 1656 3269 exspectantes,
1683 3182 1833 3248 dum
1875 3187 2224 3271 promittas.
2302 3188 2399 3252 22
2442 3187 2685 3260 Tribu-

439 3301 564 3348 nus
599 3284 794 3370 igitur
835 3285 1074 3352 dimisit
1115 3283 1619 3362 adolescentem,
1660 3287 2119 3374 praecepitque
2144 3287 2248 3365 'ei,
2288 3287 2393 3376 Ne
2434 3295 2546 3356 cui
2596 3295 2685 3360 ef-
2743 3311 2744 3324 ²

439 3381 665 3473 fatias&
691 3383 869 3474 quod
915 3386 1078 3454 haec
1113 3385 1501 3456 indicaveris
1542 3385 1713 3450 mihi.
1793 3387 1895 3451 23.
1934 3386 2018 3450 Et
2060 3389 2379 3454 accersitis
2422 3387 2679 3460 duobus

441 3481 958 3558 Centurionibus
997 3486 1176 3566 dixit,
1269 3496 1448 3554 atate
1486 3475 1721 3550 milites
1762 3483 2091 3563 ducentos,
2132 3497 2205 3552 ut
2244 3497 2396 3553 eant
2438 3488 2677 3558 Caesa-
2743 3531 2744 3580 ᾗ

436 3604 629 3666 ream,
669 3597 736 3652 et
775 3589 1028 3673 equites
1067 3589 1487 3674 septuaginta,
1528 3595 1593 3651 et
1630 3583 1989 3652 lancearios
2026 3584 2368 3666 ducentos,
2412 3609 2455 3653 a
2498 3595 2681 3658 tertia
2743 3583 2744 3658 ἲ

439 3684 602 3752 hora
645 3689 887 3753 noctis:
951 3687 1054 3752 24.
1093 3686 1178 3753 Et
1229 3691 1511 3753 iumenta
1548 3697 1803 3772 parate,
1864 3695 1936 3750 ut
1990 3687 2355 3773 impositum
2404 3687 2675 3758 Paulum

435 3784 680 3852 salvum
727 3785 1086 3873 perducant
1122 3785 1206 3872 ad
1246 3785 1533 3856 Felicem
1572 3784 1999 3860 praesidem,

589 3919 683 3982 17.
758 3889 1062 3977 Acca-sito
1105 3931 1207 3977 erc.
1283 3916 1461 3978 'Vitae
1500 3915 1736 3997 quidem
1783 3937 1905 3976 non
1942 3915 2023 3976 ita
2074 3915 2313 4010 cupidus
2354 3929 2487 3978 erat
2532 3918 2672 3980 Pau·

433 3989 555 4064 lus,
581 4039 588 4046 .
615 3992 756 4072 quin
794 3990 1050 4054 libenter
1085 3993 1157 4054 ad
1195 4005 1445 4055 mortem
1529 4003 1857 4084 roperaret,
1891 3991 1963 4083 ‘si
2004 3993 2083 4052 ita
2122 4011 2306 4084 visum
2346 4007 2507 4084 ess-et
2546 3999 2669 4058 Do·
2743 4077 2744 4084 ἵ

431 4067 621 4140 mino,
659 4066 761 4128 sed
799 4069 1072 4148 quoniam
1112 4089 1178 4128 ea
1219 4067 1351 4150 lege
1389 4089 1451 4130 se
1480 4013 1717 4146 Ebristo
1755 4087 1978 4155 servire
1995 4080 2278 4150 agnoscit,
2318 4081 2391 4129 ut
2428 4071 2517 4131 illi
2554 4093 2677 4132 nou
2743 4085 2744 4152 j

432 4144 623 4202 minus
661 4145 815 4206 vivat
852 4163 1022 4224 quam
1061 4145 1378 4222 moriatur,
1418 4145 1769 4226 patefactum
1808 4143 1919 4204 sibi
1940 4145 2277 4226 ‚periculum
2300 4167 2443 4208 sion
2490 4149 2677 4230 negli-
2743 4175 2744 4182 ¹

477 4217 537 4274 't.
613 4219 704 4276 Ac
741 4230 908 4279 certo
946 4219 1180 4300 quidem
1217 4237 1521 4299 persuasus
1560 4231 1677 4296 est,
1711 4218 1907 4282 neum
1946 4220 2095 4284 vitae
2132 4240 2270 4282 suae
2308 4239 2435 4282 esse
2476 4237 2675 4286 custo-

477 4305 600 4364 em,
633 4291 762 4380 'sed
801 4314 926 4354 non
988 4305 1312 4377 exspectat,
1359 4294 1498 4356 'dum
1544 4314 1778 4385 manum
1830 4307 2053 4386 ers-erat
2100 4315 2135 4356 e
2186 4295 2359 4387 coelo
2408 4299 2677 4361 miraculi

435 4359 649 4425 edendi
687 4387 886 4447 capsa:
926 4370 1069 4452 quin
1106 4369 1302 4456 potitis
1323 4369 1527 4436 oblato
1566 4369 1676 4438 sthi
1712 4371 1977 4442 temedto
1996 4372 2202 4453 utitur,
2240 4371 2527 4442 divmiuu
2562 4375 2677 4440 sibi
