2788 4713
1158 153 1434 219 CAPUT
1472 158 1692 219 xxvl.
2428 164 2544 232 471

291 294 537 359 Paulus:
585 317 920 381 quanquam
957 298 1114 366 enim
1155 298 1519 379 Scripturam
1559 318 1683 358 non
1722 299 2129 378 reverebatur,
2180 309 2246 363 ut
2326 299 2387 361 io
2426 299 2541 363 bo-

291 374 452 433 mine
491 373 732 456 dignum
773 386 928 451 erat,
993 375 1108 437 boc
1156 384 1354 435 tamen
1406 395 1439 435 a
1480 374 1735 467 pueritia
1772 373 2163 466 rudimentum
2200 375 2279 438 im
2328 376 2537 455 ibent,

288 460 355 509 ut
394 468 696 529 persuasus
734 463 904 527 esset,
942 450 1084 513 nihil
1125 462 1357 532 praeter
1379 450 1497 513 Dei
1536 448 1768 544 oracula
1801 450 1921 510 illic
1940 453 2248 523 contineri.
2304 453 2534 529 Quem-

287 514 601 590 admodum
639 528 845 611 vulgus
892 528 1222 605 hominum,
1295 525 1519 607 etiamsi
1565 546 1925 661 magnolssere
1969 528 2213 590 verbum
2252 524 2367 593 Dei
2407 552 2532 601 uon
2608 582 2613 589 .

285 614 489 739 5:332:
531 604 1093 743 ,ia-³53⁶‘5025'13'53
1127 601 1503 742 3210321‘3552
1519 601 1659 740 '5:1¹’
1666 602 2078 760 32p÷c225⁵⁸⁰
2115 606 2409 686 ²g⁰⁰⁸⁰³‘’
2463 618 2531 669 ¹¹²

449 758 545 819 28.
619 702 904 833 §gngpa
938 772 1126 818 autem
1169 754 1258 816 acl
1285 754 1561 815 Paulum.
1650 755 1785 816 Hoc
1829 753 2034 815 saltem
2079 753 2334 835 profecit
2367 756 2533 839 Apo·

283 829 491 906 stolus,
529 844 595 892 ut
631 834 1066 901 confessionem
1104 852 1225 892 non
1247 832 1631 892 voluntariam
1672 830 2020 913 exprimeret
2057 830 2185 913 regi
2200 830 2525 915 Agrippae:

283 907 452 967 sicuti
495 928 754 969 annuere
791 910 1014 983 solent,
1065 906 1164 989 qui
1203 907 1433 969 veritati
1472 906 1717 989 amplius
1758 906 2029 971 resistere
2067 918 2398 987 nequeunt,
2432 911 2525 981 vel

273 981 483 1044 saltem
521 984 758 1066 aliquod
810 985 950 1045 dare
987 1006 1248 1045 assensus
1293 984 1543 1066 signnm.
1618 983 1923 1066 Significat
1960 984 2195 1065 quidem
2233 983 2517 1068 Agrippa,

275 1078 402 1125 non
443 1058 697 1123 libenter
735 1062 867 1122 fore
905 1079 967 1121 se
993 1060 1411 1135 Christianum,
1447 1060 1567 1121 imo
1608 1060 1733 1122 fieri
1772 1058 1951 1136 nolle,
1990 1080 2053 1121 se
2092 1072 2285 1121 tamen
2326 1062 2511 1123 refra-

273 1134 472 1217 gando
513 1156 642 1199 esse
673 1137 976 1229 imparem,
1011 1137 1114 1228 sed
1134 1136 1565 1218 quodammodo
1606 1138 1849 1197 invitum
1886 1135 2059 1197 trabi.
2138 1136 2523 1230 Unde,appa-

159 1259 173 1277 ,
275 1222 400 1286 ret,
446 1226 658 1303 quanta
707 1226 786 1275 snt
834 1213 1066 1274 humant
1118 1212 1344 1305 ingenii
1393 1212 1749 1293 pervicacia,
1802 1213 1994 1274 donec
2033 1212 2255 1294 Spiritu
2292 1213 2409 1275 Dei
2446 1214 2520 1275 a'd

273 1286 623 1369 obsequium
656 1288 980 1371 subigatur:
1066 1285 1417 1349 Paruculam
1466 1290 1531 1345 ἔν
1572 1288 1743 1362 ὀλίγῳ
1788 1289 1944 1349 varie
1984 1301 2287 1371 exponunt
2322 1289 2519 1352 Inter-

271 1375 486 1442 pretes.
559 1363 729 1426 Valle
764 1366 987 1448 putavit
1019 1364 1103 1427 sic
1141 1363 1384 1426 verteud
1499 1404 1519 1437 ‚
1570 1364 1790 1427 Parum
1822 1364 1990 1427 abest
2024 1366 2169 1446 quin
2202 1386 2301 1427 me
2340 1366 2517 1429 Chri-

269 1439 520 1499 stianum
569 1440 762 1505 facias.
851 1441 1120 1504 Erasmus
1171 1440 1400 1502 reddidi
1436 1482 1464 1517 ,
1510 1440 1745 1501 Modica
1794 1462 1860 1501 ex
1910 1454 2094 1523 parte.
2182 1440 2515 1522 Simplicius

276 1526 440 1575 vetus
485 1508 817 1599 Interpres‚
876 1516 946 1576 In
997 1516 1262 1579 modico:
1313 1518 1447 1598 quia
1492 1515 1695 1576 saltem
1744 1514 1989 1578 verbum
2034 1518 2215 1580 verbo
2264 1518 2515 1580 reddens

268 1588 519 1652 liberum
566 1592 883 1654 lectoribus
931 1592 1205 1654 iudicium
1255 1592 1536 1677 permisit.
1624 1593 1704 1652 Et
1755 1602 1919 1653 certe
1965 1593 2035 1652 ad
2082 1605 2311 1674 tempus
2349 1616 2553 1682 com·-

268 1667 446 1727 mode
486 1679 686 1747 potest
721 1668 950 1748 referri,
990 1671 1108 1733 acsi
1133 1672 1363 1731 dixisset
1382 1667 1668 1761 Agrippa,
1705 1668 1917 1731 Statim
1936 1669 2029 1730 vel
2066 1691 2188 1732 uno
2206 1683 2509 1733 momento

266 1741 442 1805 facies
478 1764 575 1805 me
615 1744 1031 1808 Christianum.
1107 1746 1176 1807 Si
1215 1746 1343 1828 quis
1379 1744 1657 1825 excipiat,
1699 1764 1821 1805 nou
1876 1744 2161 1824 quadrare
2197 1745 2363 1807 Pauli
2412 1766 2509 1807 re·-

261 1840 573 1900 sponsum,
623 1822 802 1883 facilis
851 1834 940 1885 est
987 1822 1233 1886 solutio:
1282 1843 1418 1883 nam
1466 1842 1644 1903 quum
1694 1820 1972 1904 ambigua
2014 1833 2168 1883 esset
2216 1820 2511 1903 loquutio‚

264 1895 426 1975 quod
466 1897 539 1956 de
577 1910 846 1982 tempore
885 1899 1102 1961 dictum
1143 1910 1289 1975 erat,
1327 1899 1477 1968 scite
1514 1896 1727 1959 Paulus
1766 1896 1839 1958 ad
1877 1916 1999 1959 rem
2038 1898 2226 1959 traxit.
2304 1899 2507 1975 Quum

263 1990 410 2055 ergo
447 1972 808 2058 intelligeret
841 1976 895 2036 A
972 1978 1128 2059 'ppa,
1162 1995 1226 2038 se
1265 1977 1392 2038 fere
1432 1974 1827 2037 Christianum
1874 1994 2001 2036 esse
2024 1972 2057 2033 f
2064 1986 2255 2036 actum
2294 1976 2505 2057 exiguo

259 2060 559 2129 tempore,
607 2052 860 2115 subiecit
939 2055 1100 2115 aulus
1139 2074 1204 2115 se
1241 2070 1493 2135 cupere,
1544 2064 1611 2113 ut
1654 2063 1777 2113 tam
1812 2052 1937 2133 ipse
1974 2068 2147 2132 quam
2184 2052 2431 2115 comites
2466 2071 2503 2113 a

259 2128 448 2205 parvis
497 2129 683 2191 initiis
731 2130 806 2189 ad
844 2132 1093 2192 maiores
1138 2150 1483 2213 progressus
1522 2126 2018 2191 conscenderent:
2064 2148 2259 2209 neque
2296 2139 2500 2189 ‘tamen

259 2202 526 2283 displicet
563 2208 624 2261 ἐν
659 2206 830 2277 ὀλίγῳ
863 2206 1210 2266 tantundem
1238 2204 1433 2267 valere
1472 2224 1539 2261 ac
1574 2203 2025 2283 propemodum.
2102 2207 2268 2265 Haec
2305 2217 2499 2265 autem

233 2279 564 2371 :esponsio
594 2279 762 2339 testis
783 2291 892 2354 est,
929 2292 1150 2360 quanto
1230 2276 1599 2370 ropagandae
1624 2278 1844 2338 Christi
1867 2277 2090 2359 gloriae
2126 2279 2258 2341 zelo
2290 2280 2498 2363 flagra-

257 2366 407 2417 verit
441 2366 704 2418 sanctum
742 2355 850 2418 viri
891 2368 1124 2438 pectus,
1203 2376 1300 2414 um
1340 2350 1569 2414 vincula
1605 2352 1719 2416 sibi
1759 2375 1793 2416 a
1828 2353 2102 2416 Praeside
2124 2355 2355 2416 -iniecta
2393 2375 2497 2446 P?-

255 2433 474 2492 tienter
514 2431 808 2494 sustineus
868 2453 998 2494 eum
1060 2432 1224 2512 cupit
1271 2426 1595 2491 exitialibus
1648 2428 1865 2492 diaboli
1912 2428 2129 2510 laqueis
2174 2441 2500 2512 exceptum,

258 2519 318 2567 et
355 2519 476 2568 tam
515 2507 700 2588 ipsum
781 2530 914 2570 uam
951 2508 1097 2568 alios
1135 2506 1394 2568 eiusdem
1475 2507 1653 2567 ratiae
1692 2517 2003 2568 consortes
2041 2528 2109 2567 ac
2156 2507 2346 2568 socios
2384 2505 2495 2568 sibi

252 2583 608 2664 adiungere,
652 2605 750 2644 mo
777 2597 898 2647 esta
945 2583 1178 2644 interim
1228 2595 1290 2650 et
1342 2601 1455 2665 pro
1501 2603 1630 2644 rosa
1665 2593 1827 2643 sorte
1864 2593 2195 2644 contentus.
2268 2583 2497 2644 Notan-

255 2659 392 2722 dum
475 2661 594 2722 uod
631 2681 753 2723 non
793 2660 1134 2743 simpliciter
1171 2671 1370 2740 optat,
1416 2659 1521 2722 sed
1562 2681 1593 2720 a
1629 2659 1800 2736 Deo,
1862 2658 2033 2720 sicuti
2080 2660 2203 2720 eius
2252 2671 2341 2720 est
2382 2679 2494 2720 nos

254 2736 326 2796 ad
375 2737 444 2796 F·
471 2737 590 2798 ium
639 2737 902 2814 trahere,
954 2737 1090 2820 quia
1140 2736 1256 2799 nisi
1303 2737 1461 2798 intus
1499 2735 1772 2800 docente.
1805 2735 1927 2797 eius
1966 2735 2191 2817 Spiritu
2259 2754 2491 2816 semper

253 2812 491 2896 frigebit
527 2814 782 2876 exterior
819 2815 1102 2877 doctrina.

398 2896 492 2956 29.
529 2889 814 2968 Eremia
831 2890 1089 2952 vinculis.
1130 2889 1374 2952 Certum
1400 2899 1509 2966 est,
1546 2909 1673 2952 non
1694 2901 1815 2950 tam
1836 2887 1976 2950 dura
1994 2887 2087 2951 vel
2107 2887 2296 2950 tristia
2314 2886 2487 2948 fuisse

248 2964 433 3027 Paulo
473 2988 574 3028 sua
600 2967 830 3029 vincula
867 2969 928 3030 in
969 2965 1176 3049 quibus
1211 2987 1387 3047 saepe
1408 2966 1715 3061 gloriatur,
1754 2978 1815 3026 et
1851 2985 2001 3060 quae
2038 2963 2281 3026 bonoris
2320 2984 2489 3026 causa

248 3043 310 3102 in
351 3043 607 3104 medium
644 3043 898 3124 prosert,
929 3057 1030 3107 tau
1077 3066 1208 3105 uam
1247 3043 1557 3126 legationis
1593 3063 1733 3104 suae
1770 3044 2019 3134 insigne,
2056 3040 2159 3103 sed
2195 3039 2487 3102 rationem

251 3139 454 3180 eorum
495 3119 692 3194 babet,
731 3121 946 3202 quibus
984 3123 1022 3182 fi
1065 3141 1155 3182 em
1197 3132 1469 3201 precatur
1504 3120 1629 3180 sine
1667 3119 1933 3182 molestia
1971 3129 2033 3180 et
2071 3137 2262 3186 cruce.
2335 3117 2487 3177 Nam

245 3196 346 3274 qui
386 3195 650 3256 nondum
687 3198 746 3256 in
790 3197 1090 3260 Christum
1123 3196 1478 3273 credebant,
1527 3195 1627 3260 lon
1674 3219 1707 3257 e
1742 3192 1991 3256 aberant
2024 3193 2097 3255 ab
2137 3214 2211 3256 eo
2251 3193 2489 3268 aflectu,

247 3283 314 3332 ut
351 3293 460 3352 pro
497 3271 818 3354 Evangelio
858 3286 1083 3334 certare
1120 3271 1307 3352 parati
1347 3271 1567 3332 forent.
1632 3215 1733 3334 Ξῖ
1769 3282 1929 3332 certe
1970 3269 2095 3352 pios
2136 3289 2340 3332 omnes
2376 3266 2485 3328 hac

243 3347 690 3409 mansuetudine
751 3349 1048 3430 praeditos
1111 3367 1234 3410 esse
1283 3349 1592 3422 convenit,
1653 3361 1719 3410 ut
1768 3367 2001 3410 crucem
2046 3367 2207 3409 suam
2255 3345 2483 3427 placide

246 3423 455 3502 serant,
495 3423 642 3485 alios
679 3437 871 3486 autem
913 3427 1150 3508 cupiant
1185 3425 1495 3486 commode
1533 3444 1740 3512 agere,
1778 3437 1839 3487 et
1914 3434 2155 3484 uantum
2178 3424 2253 3483 'in
2292 3443 2357 3484 se
2396 3431 2485 3482 est

243 3498 436 3560 levare
479 3499 756 3562 studeant
803 3503 966 3564 omni
1017 3501 1311 3575 molestia,
1360 3501 1547 3582 quieti
1592 3513 1785 3564 autem
1825 3518 1892 3564 ve
1953 3497 2207 3564 laetitiae
2243 3496 2482 3587 minime

240 3576 556 3638 invideant.
655 3578 816 3640 Haec
876 3577 1200 3640 humanitas
1262 3589 1323 3638 et
1379 3577 1708 3638 moderatio
1770 3575 1845 3640 ab
1894 3597 2098 3638 eorum
2160 3573 2483 3636 acerbitate

240 3651 424 3738 longe
463 3665 688 3722 remota
733 3665 858 3732 est,
919 3655 1020 3737 qui
1079 3653 1231 3716 mala
1276 3675 1380 3716 sua
1426 3653 1550 3716 aliis
1595 3653 1973 3736 imprecando
2022 3651 2295 3718 solatium
2341 3647 2479 3710 inde

238 3741 486 3872 pangit..
557 3803 972 3886 Loquebaemtm·
1003 3810 1153 3868 inter
1183 3829 1264 3868 se.
1356 3805 1542 3883 Quod
1586 3805 1905 3871 absolvitur
1954 3804 2168 3866 Paulus
2216 3802 2475 3864 omnium

238 3884 562 3958 sententia,
608 3882 670 3943 in
711 3883 1008 3976 Evangelii
1045 3906 1170 3945 non
1207 3881 1447 3966 vulgare
1486 3884 1661 3945 decus
1700 3887 1885 3946 cessit.
1980 3881 2060 3940 Et
2096 3881 2302 3942 Festus
2340 3879 2477 3938 reli-

237 3957 367 4038 quis
405 3959 726 4022 assentiens
763 3981 826 4022 se
863 3982 1050 4041 ipsum
1093 3959 1355 4036 damnat,
1408 3971 1473 4022 ut
1511 3960 1610 4052 qui
1646 3983 1748 4021 sua
1786 3957 2095 4050 iniquitate
2130 3959 2193 4016 in
2232 3975 2327 4016 eas
2366 3976 2473 4017 an-

239 4035 454 4172 gustias
497 4033 744 4096 Paulum
795 4037 1162 4112 coniecerat,
1220 4035 1328 4100 sub
1390 4055 1588 4117 specie
1644 4035 1903 4098 mutandi
1956 4031 2073 4094 loci
2132 4033 2254 4094 eius
2298 4032 2469 4094 vitam

279 4112 492 4174 ostium
554 4111 776 4174 insidiis
839 4113 1164 4193 prodendo.
1270 4113 1530 4177 Tametsi
1590 4125 1781 4176 autem
1844 4109 2075 4170 videtur
2168 4109 2470 4170 rovocatio

239 4200 441 4252 sancto
479 4188 606 4250 viro
648 4187 924 4254 damnosa
975 4209 1129 4266 esse,
1190 4188 1324 4272 quia
1385 4201 1581 4254 tamen
1642 4187 1756 4252 hoc
1812 4186 2049 4250 unicum
2084 4186 2105 4250 i
2154 4189 2169 4204 ⁰
2207 4208 2242 4248 a
2276 4197 2471 4248 morte

2576 4267 2788 4624 ,Α
