<?xml version="1.0" encoding="UTF-8"?>
<!DOCTYPE html PUBLIC "-//W3C//DTD XHTML 1.0 Transitional//EN"
    "http://www.w3.org/TR/xhtml1/DTD/xhtml1-transitional.dtd">
<html xmlns="http://www.w3.org/1999/xhtml" xml:lang="en" lang="en">
 <head>
  <title>
</title>
<meta http-equiv="Content-Type" content="text/html;charset=utf-8" />
  <meta name='ocr-system' content='tesseract 3.04.00' />
  <meta name='ocr-capabilities' content='ocr_page ocr_carea ocr_par ocr_line ocrx_word'/>
</head>
<body>
  <div class='ocr_page' id='page_1' title='image "./ioanniscalvinii05tholgoog/ioanniscalvinii05tholgoog_0500.png"; bbox 0 0 2788 4713; ppageno 0'>
   <div class='ocr_carea' id='block_1_1' title="bbox 347 178 1799 275">
    <p class='ocr_par' dir='ltr' id='par_1_1' title="bbox 347 178 1799 275">
     <span class='ocr_line' id='line_1_1' title="bbox 347 178 1799 275; baseline 0.003 -36"><span class='ocrx_word' id='word_1_1' title='bbox 347 180 466 258; x_wconf 67' lang='lat'>430·</span> <span class='ocrx_word' id='word_1_2' title='bbox 555 254 567 275; x_wconf 39' lang='lat'>¹</span> <span class='ocrx_word' id='word_1_3' title='bbox 1121 180 1209 245; x_wconf 78' lang='lat' dir='ltr'>m</span> <span class='ocrx_word' id='word_1_4' title='bbox 1246 178 1472 245; x_wconf 63' lang='lat' dir='ltr'>scra</span> <span class='ocrx_word' id='word_1_5' title='bbox 1508 180 1799 247; x_wconf 76' lang='lat' dir='ltr'>APOST.</span> 
     </span>
    </p>
   </div>
   <div class='ocr_carea' id='block_1_2' title="bbox 269 324 2686 4234">
    <p class='ocr_par' dir='ltr' id='par_1_2' title="bbox 269 324 2623 482">
     <span class='ocr_line' id='line_1_2' title="bbox 353 324 2623 394; baseline -0.001 -1"><span class='ocrx_word' id='word_1_6' title='bbox 353 334 515 394; x_wconf 85' lang='lat' dir='ltr'>Deus</span> <span class='ocrx_word' id='word_1_7' title='bbox 549 349 654 391; x_wconf 75' lang='lat' dir='ltr'>vos</span> <span class='ocrx_word' id='word_1_8' title='bbox 687 344 920 389; x_wconf 81' lang='lat' dir='ltr'>servare</span> <span class='ocrx_word' id='word_1_9' title='bbox 953 324 1240 387; x_wconf 81' lang='lat' dir='ltr'>decrevit:</span> <span class='ocrx_word' id='word_1_10' title='bbox 1279 324 1436 389; x_wconf 86' lang='lat' dir='ltr'>baec·</span> <span class='ocrx_word' id='word_1_11' title='bbox 1458 324 1679 389; x_wconf 74' lang='lat' dir='ltr'>fiducia</span> <span class='ocrx_word' id='word_1_12' title='bbox 1704 346 1807 389; x_wconf 80' lang='lat' dir='ltr'>vos</span> <span class='ocrx_word' id='word_1_13' title='bbox 1842 326 2103 388; x_wconf 82' lang='lat' dir='ltr'>animare</span> <span class='ocrx_word' id='word_1_14' title='bbox 2136 324 2327 390; x_wconf 86' lang='lat' dir='ltr'>debet</span> <span class='ocrx_word' id='word_1_15' title='bbox 2370 348 2461 393; x_wconf 75' lang='lat' dir='ltr'>ee·</span> <span class='ocrx_word' id='word_1_16' title='bbox 2486 330 2623 391; x_wconf 77' lang='lat' dir='ltr'>red-</span> 
     </span>
     <span class='ocr_line' id='line_1_3' title="bbox 269 402 2085 482; baseline -0.005 -13"><span class='ocrx_word' id='word_1_17' title='bbox 269 417 272 427; x_wconf 94' lang='lat'>&#39;</span> <span class='ocrx_word' id='word_1_18' title='bbox 353 410 493 471; x_wconf 84' lang='lat' dir='ltr'>dere</span> <span class='ocrx_word' id='word_1_19' title='bbox 531 407 780 479; x_wconf 77' lang='lat' dir='ltr'>alacres,</span> <span class='ocrx_word' id='word_1_20' title='bbox 816 422 894 463; x_wconf 87' lang='lat' dir='ltr'>ne</span> <span class='ocrx_word' id='word_1_21' title='bbox 930 402 1044 482; x_wconf 86' lang='lat' dir='ltr'>ipsi</span> <span class='ocrx_word' id='word_1_22' title='bbox 1079 402 1246 463; x_wconf 81' lang='lat' dir='ltr'>vobis</span> <span class='ocrx_word' id='word_1_23' title='bbox 1285 402 1501 463; x_wconf 85' lang='lat' dir='ltr'>desitis.</span> <span class='ocrx_word' id='word_1_24' title='bbox 2078 458 2085 467; x_wconf 85' lang='grc'><em>,</em></span> 
     </span>
    </p>

    <p class='ocr_par' dir='ltr' id='par_1_3' title="bbox 349 478 2623 1309">
     <span class='ocr_line' id='line_1_4' title="bbox 499 478 2623 565; baseline 0.002 -24"><span class='ocrx_word' id='word_1_25' title='bbox 499 490 594 549; x_wconf 84' lang='grc'>35.</span> <span class='ocrx_word' id='word_1_26' title='bbox 670 480 913 555; x_wconf 74' lang='lat' dir='ltr'>Sumpio</span> <span class='ocrx_word' id='word_1_27' title='bbox 938 500 1116 553; x_wconf 78' lang='lat' dir='ltr'>pane.</span> <span class='ocrx_word' id='word_1_28' title='bbox 1196 478 1338 553; x_wconf 85' lang='lat' dir='ltr'>Quo</span> <span class='ocrx_word' id='word_1_29' title='bbox 1378 478 1581 541; x_wconf 86' lang='lat' dir='ltr'>melius</span> <span class='ocrx_word' id='word_1_30' title='bbox 1620 499 1722 539; x_wconf 91' lang='lat' dir='ltr'>eos</span> <span class='ocrx_word' id='word_1_31' title='bbox 1760 500 1867 540; x_wconf 83' lang='lat' dir='ltr'>suo</span> <span class='ocrx_word' id='word_1_32' title='bbox 1910 478 2176 561; x_wconf 82' lang='lat' dir='ltr'>exemplo</span> <span class='ocrx_word' id='word_1_33' title='bbox 2219 480 2464 565; x_wconf 84' lang='lat' dir='ltr'>erigat,</span> <span class='ocrx_word' id='word_1_34' title='bbox 2518 506 2623 565; x_wconf 85' lang='lat' dir='ltr'>pa-</span> 
     </span>
     <span class='ocr_line' id='line_1_5' title="bbox 351 554 2621 631; baseline -0.001 -8"><span class='ocrx_word' id='word_1_35' title='bbox 351 580 484 624; x_wconf 86' lang='lat' dir='ltr'>nem</span> <span class='ocrx_word' id='word_1_36' title='bbox 525 558 699 619; x_wconf 84' lang='lat' dir='ltr'>sumit</span> <span class='ocrx_word' id='word_1_37' title='bbox 747 576 813 617; x_wconf 89' lang='lat' dir='ltr'>ac</span> <span class='ocrx_word' id='word_1_38' title='bbox 860 555 1127 616; x_wconf 78' lang='lat' dir='ltr'>vescitur.</span> <span class='ocrx_word' id='word_1_39' title='bbox 1205 554 1438 615; x_wconf 79' lang='lat' dir='ltr'>Gratias</span> <span class='ocrx_word' id='word_1_40' title='bbox 1478 576 1508 613; x_wconf 88' lang='lat' dir='ltr'>e</span> <span class='ocrx_word' id='word_1_41' title='bbox 1555 556 1661 615; x_wconf 82' lang='lat' dir='ltr'>&#39;sse</span> <span class='ocrx_word' id='word_1_42' title='bbox 1698 554 1883 616; x_wconf 86' lang='lat' dir='ltr'>Lucas</span> <span class='ocrx_word' id='word_1_43' title='bbox 1930 556 2143 631; x_wconf 76' lang='lat' dir='ltr'>refert,</span> <span class='ocrx_word' id='word_1_44' title='bbox 2192 578 2321 617; x_wconf 89' lang='lat' dir='ltr'>non</span> <span class='ocrx_word' id='word_1_45' title='bbox 2376 571 2621 620; x_wconf 80' lang='lat' dir='ltr'>tantum</span> 
     </span>
     <span class='ocr_line' id='line_1_6' title="bbox 351 574 2621 717; baseline 0 -20"><span class='ocrx_word' id='word_1_46' title='bbox 351 658 422 697; x_wconf 81' lang='lat' dir='ltr'>ex</span> <span class='ocrx_word' id='word_1_47' title='bbox 459 635 806 717; x_wconf 79' lang='lat' dir='ltr'>quotidiano</span> <span class='ocrx_word' id='word_1_48' title='bbox 845 650 1043 705; x_wconf 88' lang='lat' dir='ltr'>more,</span> <span class='ocrx_word' id='word_1_49' title='bbox 1080 631 1180 691; x_wconf 85' lang='lat' dir='ltr'>sed</span> <span class='ocrx_word' id='word_1_50' title='bbox 1219 632 1356 711; x_wconf 86' lang='lat' dir='ltr'>quia</span> <span class='ocrx_word' id='word_1_51' title='bbox 1394 631 1468 691; x_wconf 91' lang='lat' dir='ltr'>ad</span> <span class='ocrx_word' id='word_1_52' title='bbox 1506 574 1753 693; x_wconf 49' lang='lat' dir='ltr'>§duciae</span> <span class='ocrx_word' id='word_1_53' title='bbox 1786 632 2191 694; x_wconf 74' lang='lat' dir='ltr'>testimonium</span> <span class='ocrx_word' id='word_1_54' title='bbox 2230 654 2361 695; x_wconf 81' lang='lat' dir='ltr'>non</span> <span class='ocrx_word' id='word_1_55' title='bbox 2404 658 2621 715; x_wconf 79' lang='lat' dir='ltr'>pamm</span> 
     </span>
     <span class='ocr_line' id='line_1_7' title="bbox 349 708 2618 793; baseline -0.001 -18"><span class='ocrx_word' id='word_1_56' title='bbox 349 714 412 775; x_wconf 81' lang='lat' dir='ltr'>id</span> <span class='ocrx_word' id='word_1_57' title='bbox 450 711 691 772; x_wconf 83' lang='lat' dir='ltr'>valebat.</span> <span class='ocrx_word' id='word_1_58' title='bbox 765 708 1028 769; x_wconf 84' lang='lat' dir='ltr'>Dubium</span> <span class='ocrx_word' id='word_1_59' title='bbox 1109 708 1304 769; x_wconf 84' lang='lat' dir='ltr'>uidem</span> <span class='ocrx_word' id='word_1_60' title='bbox 1343 728 1466 768; x_wconf 87' lang='lat' dir='ltr'>non</span> <span class='ocrx_word' id='word_1_61' title='bbox 1508 718 1615 782; x_wconf 87' lang='lat' dir='ltr'>est,</span> <span class='ocrx_word' id='word_1_62' title='bbox 1655 710 1795 788; x_wconf 88' lang='lat' dir='ltr'>quin</span> <span class='ocrx_word' id='word_1_63' title='bbox 1817 708 2029 769; x_wconf 85' lang='lat' dir='ltr'>Paulus</span> <span class='ocrx_word' id='word_1_64' title='bbox 2071 710 2397 791; x_wconf 80' lang='lat' dir='ltr'>diligenter</span> <span class='ocrx_word' id='word_1_65' title='bbox 2436 734 2618 793; x_wconf 84' lang='lat' dir='ltr'>prae-</span> 
     </span>
     <span class='ocr_line' id='line_1_8' title="bbox 350 784 2619 865; baseline -0.002 -13"><span class='ocrx_word' id='word_1_66' title='bbox 350 788 566 852; x_wconf 86' lang='lat' dir='ltr'>stiterit</span> <span class='ocrx_word' id='word_1_67' title='bbox 601 786 664 847; x_wconf 88' lang='lat' dir='ltr'>in</span> <span class='ocrx_word' id='word_1_68' title='bbox 703 784 986 847; x_wconf 85' lang='lat' dir='ltr'>sumendo</span> <span class='ocrx_word' id='word_1_69' title='bbox 1028 784 1077 842; x_wconf 89' lang='lat' dir='ltr'>ci</span> <span class='ocrx_word' id='word_1_70' title='bbox 1123 804 1160 844; x_wconf 92' lang='lat' dir='ltr'>o</span> <span class='ocrx_word' id='word_1_71' title='bbox 1203 784 1362 863; x_wconf 87' lang='lat' dir='ltr'>quod</span> <span class='ocrx_word' id='word_1_72' title='bbox 1402 784 1523 845; x_wconf 85' lang='lat' dir='ltr'>aliis</span> <span class='ocrx_word' id='word_1_73' title='bbox 1563 784 1878 865; x_wconf 77' lang='lat' dir='ltr'>praecipit,</span> <span class='ocrx_word' id='word_1_74' title='bbox 1924 784 2027 844; x_wconf 88' lang='lat' dir='ltr'>sed</span> <span class='ocrx_word' id='word_1_75' title='bbox 2076 806 2234 846; x_wconf 88' lang='lat' dir='ltr'>nunc</span> <span class='ocrx_word' id='word_1_76' title='bbox 2288 808 2427 847; x_wconf 89' lang='lat' dir='ltr'>non</span> <span class='ocrx_word' id='word_1_77' title='bbox 2484 800 2619 849; x_wconf 88' lang='lat' dir='ltr'>tan-</span> 
     </span>
     <span class='ocr_line' id='line_1_9' title="bbox 349 860 2615 947; baseline -0.001 -19"><span class='ocrx_word' id='word_1_78' title='bbox 349 880 472 928; x_wconf 84' lang='lat' dir='ltr'>tum</span> <span class='ocrx_word' id='word_1_79' title='bbox 513 860 923 947; x_wconf 76' lang='lat' dir='ltr'>gratitudinem</span> <span class='ocrx_word' id='word_1_80' title='bbox 961 880 1120 920; x_wconf 83' lang='lat' dir='ltr'>suam</span> <span class='ocrx_word' id='word_1_81' title='bbox 1156 871 1426 934; x_wconf 87' lang='lat' dir='ltr'>testatur,</span> <span class='ocrx_word' id='word_1_82' title='bbox 1464 880 1577 921; x_wconf 90' lang='lat' dir='ltr'>nec</span> <span class='ocrx_word' id='word_1_83' title='bbox 1610 870 1835 920; x_wconf 86' lang='lat' dir='ltr'>tantum</span> <span class='ocrx_word' id='word_1_84' title='bbox 1875 860 2022 941; x_wconf 86' lang='lat' dir='ltr'>petit</span> <span class='ocrx_word' id='word_1_85' title='bbox 2056 873 2126 920; x_wconf 91' lang='lat' dir='ltr'>ut</span> <span class='ocrx_word' id='word_1_86' title='bbox 2162 861 2393 939; x_wconf 83' lang='lat' dir='ltr'>cibum,</span> <span class='ocrx_word' id='word_1_87' title='bbox 2432 885 2615 945; x_wconf 74' lang='lat' dir='ltr'>quem</span> 
     </span>
     <span class='ocr_line' id='line_1_10' title="bbox 349 936 2617 1023; baseline -0.002 -18"><span class='ocrx_word' id='word_1_88' title='bbox 349 954 682 1023; x_wconf 77' lang='lat' dir='ltr'>sumpturus</span> <span class='ocrx_word' id='word_1_89' title='bbox 719 948 826 1011; x_wconf 81' lang='lat' dir='ltr'>est,</span> <span class='ocrx_word' id='word_1_90' title='bbox 861 936 1026 997; x_wconf 83' lang='lat' dir='ltr'>Deus</span> <span class='ocrx_word' id='word_1_91' title='bbox 1061 937 1415 1012; x_wconf 87' lang='lat' dir='ltr'>sanctificet,</span> <span class='ocrx_word' id='word_1_92' title='bbox 1461 957 1663 997; x_wconf 84' lang='lat' dir='ltr'>verum</span> <span class='ocrx_word' id='word_1_93' title='bbox 1712 936 2033 1016; x_wconf 86' lang='lat' dir='ltr'>intrepidus</span> <span class='ocrx_word' id='word_1_94' title='bbox 2070 937 2269 999; x_wconf 87' lang='lat' dir='ltr'>Deum</span> <span class='ocrx_word' id='word_1_95' title='bbox 2303 938 2473 999; x_wconf 76' lang='lat' dir='ltr'>vitae</span> <span class='ocrx_word' id='word_1_96' title='bbox 2510 963 2617 1001; x_wconf 83' lang='lat' dir='ltr'>au-</span> 
     </span>
     <span class='ocr_line' id='line_1_11' title="bbox 350 1012 2615 1093; baseline -0.002 -12"><span class='ocrx_word' id='word_1_97' title='bbox 350 1033 576 1081; x_wconf 86' lang='lat' dir='ltr'>ctorem</span> <span class='ocrx_word' id='word_1_98' title='bbox 623 1017 888 1089; x_wconf 82' lang='lat' dir='ltr'>invocat,</span> <span class='ocrx_word' id='word_1_99' title='bbox 951 1024 1016 1073; x_wconf 85' lang='lat' dir='ltr'>ut</span> <span class='ocrx_word' id='word_1_100' title='bbox 1051 1012 1246 1093; x_wconf 78' lang='lat' dir='ltr'>miseri</span> <span class='ocrx_word' id='word_1_101' title='bbox 1281 1012 1401 1089; x_wconf 85' lang='lat' dir='ltr'>illi,</span> <span class='ocrx_word' id='word_1_102' title='bbox 1484 1034 1587 1073; x_wconf 89' lang='lat' dir='ltr'>uos</span> <span class='ocrx_word' id='word_1_103' title='bbox 1636 1034 1875 1073; x_wconf 87' lang='lat' dir='ltr'>moeror</span> <span class='ocrx_word' id='word_1_104' title='bbox 1921 1014 2273 1075; x_wconf 83' lang='lat' dir='ltr'>constrictos</span> <span class='ocrx_word' id='word_1_105' title='bbox 2337 1016 2615 1091; x_wconf 82' lang='lat' dir='ltr'>tenebat,</span> 
     </span>
     <span class='ocr_line' id='line_1_12' title="bbox 349 1034 2613 1179; baseline -0.001 -23"><span class='ocrx_word' id='word_1_106' title='bbox 349 1094 567 1179; x_wconf 89' lang='lat' dir='ltr'>aliquid</span> <span class='ocrx_word' id='word_1_107' title='bbox 605 1092 799 1153; x_wconf 88' lang='lat' dir='ltr'>bonae</span> <span class='ocrx_word' id='word_1_108' title='bbox 835 1088 960 1171; x_wconf 87' lang='lat' dir='ltr'>spei</span> <span class='ocrx_word' id='word_1_109' title='bbox 998 1088 1396 1168; x_wconf 79' lang='lat' dir='ltr'>conciperent.</span> <span class='ocrx_word' id='word_1_110' title='bbox 1440 1034 1545 1150; x_wconf 67' lang='lat' dir='ltr'>th</span> <span class='ocrx_word' id='word_1_111' title='bbox 1585 1090 1698 1149; x_wconf 86' lang='lat' dir='ltr'>hoc</span> <span class='ocrx_word' id='word_1_112' title='bbox 1734 1087 1937 1149; x_wconf 85' lang='lat' dir='ltr'>saltem</span> <span class='ocrx_word' id='word_1_113' title='bbox 1972 1088 2265 1179; x_wconf 81' lang='lat' dir='ltr'>profecit,</span> <span class='ocrx_word' id='word_1_114' title='bbox 2316 1103 2400 1151; x_wconf 82' lang='lat' dir='ltr'>ut</span> <span class='ocrx_word' id='word_1_115' title='bbox 2440 1114 2613 1153; x_wconf 87' lang='lat' dir='ltr'>rece·</span> 
     </span>
     <span class='ocr_line' id='line_1_13' title="bbox 349 1164 2611 1309; baseline -0.002 -74"><span class='ocrx_word' id='word_1_116' title='bbox 349 1172 462 1309; x_wconf 60' lang='lat' dir='ltr'>Etis</span> <span class='ocrx_word' id='word_1_117' title='bbox 499 1168 702 1231; x_wconf 85' lang='lat' dir='ltr'>animis</span> <span class='ocrx_word' id='word_1_118' title='bbox 741 1166 937 1227; x_wconf 88' lang='lat' dir='ltr'>cibum</span> <span class='ocrx_word' id='word_1_119' title='bbox 973 1165 1348 1246; x_wconf 78' lang='lat' dir='ltr'>sumpserint,</span> <span class='ocrx_word' id='word_1_120' title='bbox 1385 1164 1595 1245; x_wconf 85' lang='lat' dir='ltr'>quibus</span> <span class='ocrx_word' id='word_1_121' title='bbox 1624 1164 1914 1226; x_wconf 81' lang='lat' dir='ltr'>curandae</span> <span class='ocrx_word' id='word_1_122' title='bbox 1934 1177 2082 1227; x_wconf 73' lang='lat' dir='ltr'>vitae</span> <span class='ocrx_word' id='word_1_123' title='bbox 2104 1165 2484 1231; x_wconf 79' lang='lat' dir='ltr'>oblivionem</span> <span class='ocrx_word' id='word_1_124' title='bbox 2520 1172 2611 1230; x_wconf 81' lang='lat' dir='ltr'>in-</span> 
     </span>
    </p>

    <p class='ocr_par' dir='ltr' id='par_1_4' title="bbox 391 1255 828 1310">
     <span class='ocr_line' id='line_1_14' title="bbox 391 1255 828 1310; baseline -0.016 -1"><span class='ocrx_word' id='word_1_125' title='bbox 391 1258 588 1310; x_wconf 83' lang='lat' dir='ltr'>uxerat</span> <span class='ocrx_word' id='word_1_126' title='bbox 623 1255 828 1303; x_wconf 80' lang='lat' dir='ltr'>metus.</span> 
     </span>
    </p>

    <p class='ocr_par' dir='ltr' id='par_1_5' title="bbox 347 1315 2686 2394">
     <span class='ocr_line' id='line_1_15' title="bbox 501 1315 2686 1390; baseline 0.001 -9"><span class='ocrx_word' id='word_1_127' title='bbox 501 1329 596 1390; x_wconf 85' lang='lat'>37.</span> <span class='ocrx_word' id='word_1_128' title='bbox 681 1319 992 1379; x_wconf 70' lang='lat' dir='ltr'>Universae</span> <span class='ocrx_word' id='word_1_129' title='bbox 1025 1317 1269 1377; x_wconf 75' lang='lat' dir='ltr'>animae.</span> <span class='ocrx_word' id='word_1_130' title='bbox 1343 1315 1609 1381; x_wconf 81' lang='lat' dir='ltr'>Primum</span> <span class='ocrx_word' id='word_1_131' title='bbox 1656 1317 1792 1379; x_wconf 89' lang='lat' dir='ltr'>ideo</span> <span class='ocrx_word' id='word_1_132' title='bbox 1830 1316 2086 1378; x_wconf 79' lang='lat' dir='ltr'>refertur</span> <span class='ocrx_word' id='word_1_133' title='bbox 2138 1317 2455 1381; x_wconf 82' lang='lat' dir='ltr'>bominum</span> <span class='ocrx_word' id='word_1_134' title='bbox 2498 1344 2607 1383; x_wconf 83' lang='lat' dir='ltr'>nn·</span> <span class='ocrx_word' id='word_1_135' title='bbox 2685 1338 2686 1341; x_wconf 74' lang='grc'>’</span> 
     </span>
     <span class='ocr_line' id='line_1_16' title="bbox 349 1392 2611 1478; baseline -0.001 -17"><span class='ocrx_word' id='word_1_136' title='bbox 349 1420 562 1473; x_wconf 85' lang='lat' dir='ltr'>merus,</span> <span class='ocrx_word' id='word_1_137' title='bbox 601 1418 718 1478; x_wconf 89' lang='lat' dir='ltr'>quo</span> <span class='ocrx_word' id='word_1_138' title='bbox 759 1395 970 1455; x_wconf 87' lang='lat' dir='ltr'>certius</span> <span class='ocrx_word' id='word_1_139' title='bbox 1009 1404 1272 1467; x_wconf 86' lang='lat' dir='ltr'>constet,</span> <span class='ocrx_word' id='word_1_140' title='bbox 1311 1394 1606 1453; x_wconf 87' lang='lat' dir='ltr'>neminem</span> <span class='ocrx_word' id='word_1_141' title='bbox 1642 1397 1707 1453; x_wconf 86' lang='lat' dir='ltr'>in</span> <span class='ocrx_word' id='word_1_142' title='bbox 1744 1392 1917 1455; x_wconf 89' lang='lat' dir='ltr'>turba</span> <span class='ocrx_word' id='word_1_143' title='bbox 1954 1395 2218 1475; x_wconf 85' lang='lat' dir='ltr'>periisse:</span> <span class='ocrx_word' id='word_1_144' title='bbox 2270 1416 2403 1456; x_wconf 86' lang='lat' dir='ltr'>non</span> <span class='ocrx_word' id='word_1_145' title='bbox 2446 1400 2611 1459; x_wconf 83' lang='lat' dir='ltr'>enim</span> 
     </span>
     <span class='ocr_line' id='line_1_17' title="bbox 348 1469 2686 1607; baseline -0.001 -71"><span class='ocrx_word' id='word_1_146' title='bbox 348 1486 618 1537; x_wconf 82' lang='lat' dir='ltr'>recenset</span> <span class='ocrx_word' id='word_1_147' title='bbox 651 1472 868 1545; x_wconf 86' lang='lat' dir='ltr'>Lucas,</span> <span class='ocrx_word' id='word_1_148' title='bbox 917 1481 1065 1607; x_wconf 49' lang='lat' dir='ltr'>anot</span> <span class='ocrx_word' id='word_1_149' title='bbox 1113 1469 1376 1532; x_wconf 86' lang='lat' dir='ltr'>homines</span> <span class='ocrx_word' id='word_1_150' title='bbox 1424 1469 1498 1529; x_wconf 89' lang='lat' dir='ltr'>ad</span> <span class='ocrx_word' id='word_1_151' title='bbox 1546 1470 1679 1531; x_wconf 87' lang='lat' dir='ltr'>litus</span> <span class='ocrx_word' id='word_1_152' title='bbox 1730 1472 2051 1547; x_wconf 88' lang='lat' dir='ltr'>enatarint,</span> <span class='ocrx_word' id='word_1_153' title='bbox 2108 1472 2211 1531; x_wconf 90' lang='lat' dir='ltr'>sed</span> <span class='ocrx_word' id='word_1_154' title='bbox 2263 1484 2423 1551; x_wconf 85' lang='lat' dir='ltr'>quot</span> <span class='ocrx_word' id='word_1_155' title='bbox 2460 1486 2608 1535; x_wconf 84' lang='lat' dir='ltr'>tunc</span> <span class='ocrx_word' id='word_1_156' title='bbox 2685 1482 2686 1491; x_wconf 76' lang='grc'>’</span> 
     </span>
     <span class='ocr_line' id='line_1_18' title="bbox 347 1534 2612 1613; baseline 0 -1"><span class='ocrx_word' id='word_1_157' title='bbox 347 1552 572 1613; x_wconf 80' lang='lat' dir='ltr'>fuerint</span> <span class='ocrx_word' id='word_1_158' title='bbox 606 1549 669 1608; x_wconf 88' lang='lat' dir='ltr'>in</span> <span class='ocrx_word' id='word_1_159' title='bbox 707 1547 870 1607; x_wconf 76' lang='lat' dir='ltr'>navi:</span> <span class='ocrx_word' id='word_1_160' title='bbox 964 1546 1134 1607; x_wconf 90' lang='lat' dir='ltr'>einde</span> <span class='ocrx_word' id='word_1_161' title='bbox 1171 1558 1239 1605; x_wconf 87' lang='lat' dir='ltr'>nt</span> <span class='ocrx_word' id='word_1_162' title='bbox 1285 1534 1561 1607; x_wconf 69' lang='lat' dir='ltr'>illtsstrius</span> <span class='ocrx_word' id='word_1_163' title='bbox 1608 1544 1886 1607; x_wconf 79' lang='lat' dir='ltr'>reddatur</span> <span class='ocrx_word' id='word_1_164' title='bbox 1934 1546 2293 1609; x_wconf 82' lang='lat' dir='ltr'>miraculum.</span> <span class='ocrx_word' id='word_1_165' title='bbox 2374 1550 2612 1611; x_wconf 77' lang='lat' dir='ltr'>Ruma-</span> 
     </span>
     <span class='ocr_line' id='line_1_19' title="bbox 347 1620 2611 1705; baseline -0.002 -15"><span class='ocrx_word' id='word_1_166' title='bbox 347 1630 506 1691; x_wconf 80' lang='lat' dir='ltr'>nitus</span> <span class='ocrx_word' id='word_1_167' title='bbox 544 1626 702 1687; x_wconf 88' lang='lat' dir='ltr'>enim</span> <span class='ocrx_word' id='word_1_168' title='bbox 738 1624 1004 1685; x_wconf 89' lang='lat' dir='ltr'>accidere</span> <span class='ocrx_word' id='word_1_169' title='bbox 1038 1622 1133 1684; x_wconf 80' lang='lat' dir='ltr'>vix</span> <span class='ocrx_word' id='word_1_170' title='bbox 1168 1620 1393 1702; x_wconf 81' lang='lat' dir='ltr'>potuit,</span> <span class='ocrx_word' id='word_1_171' title='bbox 1432 1633 1499 1681; x_wconf 89' lang='lat' dir='ltr'>ut</span> <span class='ocrx_word' id='word_1_172' title='bbox 1536 1622 1774 1685; x_wconf 87' lang='lat' dir='ltr'>ducenti</span> <span class='ocrx_word' id='word_1_173' title='bbox 1807 1624 2171 1705; x_wconf 76' lang='lat' dir='ltr'>septuaginta</span> <span class='ocrx_word' id='word_1_174' title='bbox 2209 1642 2309 1685; x_wconf 78' lang='lat' dir='ltr'>sex</span> <span class='ocrx_word' id='word_1_175' title='bbox 2346 1644 2427 1685; x_wconf 82' lang='lat' dir='ltr'>ex</span> <span class='ocrx_word' id='word_1_176' title='bbox 2462 1648 2611 1688; x_wconf 77' lang='lat' dir='ltr'>nau-</span> 
     </span>
     <span class='ocr_line' id='line_1_20' title="bbox 349 1699 2607 1786; baseline -0.002 -19"><span class='ocrx_word' id='word_1_177' title='bbox 349 1705 542 1786; x_wconf 76' lang='lat' dir='ltr'>fragio</span> <span class='ocrx_word' id='word_1_178' title='bbox 582 1704 644 1763; x_wconf 89' lang='lat' dir='ltr'>in</span> <span class='ocrx_word' id='word_1_179' title='bbox 684 1713 898 1761; x_wconf 87' lang='lat' dir='ltr'>terram</span> <span class='ocrx_word' id='word_1_180' title='bbox 937 1699 1254 1761; x_wconf 79' lang='lat' dir='ltr'>evaderent</span> <span class='ocrx_word' id='word_1_181' title='bbox 1299 1700 1371 1759; x_wconf 87' lang='lat' dir='ltr'>ad</span> <span class='ocrx_word' id='word_1_182' title='bbox 1411 1720 1591 1757; x_wconf 87' lang='lat' dir='ltr'>unum</span> <span class='ocrx_word' id='word_1_183' title='bbox 1640 1716 1871 1759; x_wconf 87' lang='lat' dir='ltr'>omnes:</span> <span class='ocrx_word' id='word_1_184' title='bbox 1922 1720 2055 1759; x_wconf 86' lang='lat' dir='ltr'>nam</span> <span class='ocrx_word' id='word_1_185' title='bbox 2102 1712 2342 1779; x_wconf 81' lang='lat' dir='ltr'>praeter</span> <span class='ocrx_word' id='word_1_186' title='bbox 2398 1715 2607 1763; x_wconf 81' lang='lat' dir='ltr'>nautas</span> 
     </span>
     <span class='ocr_line' id='line_1_21' title="bbox 348 1774 2605 1864; baseline 0 -23"><span class='ocrx_word' id='word_1_187' title='bbox 348 1800 568 1864; x_wconf 89' lang='lat' dir='ltr'>paucos</span> <span class='ocrx_word' id='word_1_188' title='bbox 607 1777 788 1841; x_wconf 88' lang='lat' dir='ltr'>nandi</span> <span class='ocrx_word' id='word_1_189' title='bbox 829 1776 1048 1857; x_wconf 85' lang='lat' dir='ltr'>peritos</span> <span class='ocrx_word' id='word_1_190' title='bbox 1089 1774 1281 1850; x_wconf 82' lang='lat' dir='ltr'>fuisse,</span> <span class='ocrx_word' id='word_1_191' title='bbox 1320 1774 1625 1855; x_wconf 84' lang='lat' dir='ltr'>probabile</span> <span class='ocrx_word' id='word_1_192' title='bbox 1664 1786 1768 1835; x_wconf 81' lang='lat' dir='ltr'>est.</span> <span class='ocrx_word' id='word_1_193' title='bbox 1827 1774 2086 1835; x_wconf 79' lang='lat' dir='ltr'>Tametsi</span> <span class='ocrx_word' id='word_1_194' title='bbox 2122 1788 2317 1837; x_wconf 87' lang='lat' dir='ltr'>autem</span> <span class='ocrx_word' id='word_1_195' title='bbox 2360 1792 2605 1859; x_wconf 81' lang='lat' dir='ltr'>sumpto</span> 
     </span>
     <span class='ocr_line' id='line_1_22' title="bbox 349 1852 2686 1936; baseline -0.001 -17"><span class='ocrx_word' id='word_1_196' title='bbox 349 1860 486 1919; x_wconf 89' lang='lat' dir='ltr'>cibo</span> <span class='ocrx_word' id='word_1_197' title='bbox 525 1854 820 1936; x_wconf 77' lang='lat' dir='ltr'>paululuni</span> <span class='ocrx_word' id='word_1_198' title='bbox 859 1852 1112 1911; x_wconf 80' lang='lat' dir='ltr'>refectae</span> <span class='ocrx_word' id='word_1_199' title='bbox 1149 1862 1318 1911; x_wconf 83' lang='lat' dir='ltr'>erant</span> <span class='ocrx_word' id='word_1_200' title='bbox 1351 1852 1528 1927; x_wconf 82' lang='lat' dir='ltr'>vires,</span> <span class='ocrx_word' id='word_1_201' title='bbox 1566 1852 1844 1912; x_wconf 87' lang='lat' dir='ltr'>diuturno</span> <span class='ocrx_word' id='word_1_202' title='bbox 1880 1862 2079 1911; x_wconf 88' lang='lat' dir='ltr'>tamen</span> <span class='ocrx_word' id='word_1_203' title='bbox 2115 1852 2315 1913; x_wconf 88' lang='lat' dir='ltr'>taedio</span> <span class='ocrx_word' id='word_1_204' title='bbox 2348 1865 2419 1914; x_wconf 84' lang='lat' dir='ltr'>et</span> <span class='ocrx_word' id='word_1_205' title='bbox 2436 1876 2611 1916; x_wconf 78' lang='lat' dir='ltr'>moe·</span> <span class='ocrx_word' id='word_1_206' title='bbox 2685 1884 2686 1889; x_wconf 44' lang='lat'>¹</span> 
     </span>
     <span class='ocr_line' id='line_1_23' title="bbox 349 1925 2610 2015; baseline -0.001 -20"><span class='ocrx_word' id='word_1_207' title='bbox 349 1954 488 1995; x_wconf 86' lang='lat' dir='ltr'>rore</span> <span class='ocrx_word' id='word_1_208' title='bbox 527 1932 610 1993; x_wconf 77' lang='lat' dir='ltr'>sie</span> <span class='ocrx_word' id='word_1_209' title='bbox 647 1927 904 1992; x_wconf 83' lang='lat' dir='ltr'>confecti</span> <span class='ocrx_word' id='word_1_210' title='bbox 941 1936 1140 2002; x_wconf 83' lang='lat' dir='ltr'>erant,</span> <span class='ocrx_word' id='word_1_211' title='bbox 1181 1938 1250 1987; x_wconf 89' lang='lat' dir='ltr'>ut</span> <span class='ocrx_word' id='word_1_212' title='bbox 1283 1927 1493 1987; x_wconf 87' lang='lat' dir='ltr'>mirum</span> <span class='ocrx_word' id='word_1_213' title='bbox 1534 1925 1745 2001; x_wconf 78' lang='lat' dir='ltr'>suerit,</span> <span class='ocrx_word' id='word_1_214' title='bbox 1784 1927 2087 1989; x_wconf 81' lang='lat' dir='ltr'>movendis</span> <span class='ocrx_word' id='word_1_215' title='bbox 2124 1926 2383 1991; x_wconf 79' lang='lat' dir='ltr'>brachiis</span> <span class='ocrx_word' id='word_1_216' title='bbox 2424 1932 2610 2015; x_wconf 73' lang='lat' dir='ltr'>agiles</span> 
     </span>
     <span class='ocr_line' id='line_1_24' title="bbox 347 2002 2609 2099; baseline 0 -30"><span class='ocrx_word' id='word_1_217' title='bbox 347 2010 543 2069; x_wconf 79' lang='lat' dir='ltr'>fuisse.</span> <span class='ocrx_word' id='word_1_218' title='bbox 592 2008 716 2065; x_wconf 88' lang='lat' dir='ltr'>Iam</span> <span class='ocrx_word' id='word_1_219' title='bbox 755 2023 897 2065; x_wconf 80' lang='lat' dir='ltr'>vero</span> <span class='ocrx_word' id='word_1_220' title='bbox 935 2002 1321 2080; x_wconf 87' lang='lat' dir='ltr'>reputandum</span> <span class='ocrx_word' id='word_1_221' title='bbox 1361 2014 1470 2079; x_wconf 88' lang='lat' dir='ltr'>est,</span> <span class='ocrx_word' id='word_1_222' title='bbox 1550 2016 1874 2083; x_wconf 82' lang='lat' dir='ltr'>uantopere</span> <span class='ocrx_word' id='word_1_223' title='bbox 1896 2004 2013 2064; x_wconf 82' lang='lat' dir='ltr'>sint</span> <span class='ocrx_word' id='word_1_224' title='bbox 2036 2003 2395 2081; x_wconf 80' lang='lat' dir='ltr'>tumultuati,</span> <span class='ocrx_word' id='word_1_225' title='bbox 2424 2028 2609 2099; x_wconf 63' lang='lat' dir='ltr'>fluum</span> 
     </span>
     <span class='ocr_line' id='line_1_25' title="bbox 347 2077 2611 2162; baseline 0 -18"><span class='ocrx_word' id='word_1_226' title='bbox 347 2086 440 2145; x_wconf 78' lang='lat' dir='ltr'>vix</span> <span class='ocrx_word' id='word_1_227' title='bbox 491 2082 794 2161; x_wconf 85' lang='lat' dir='ltr'>contingat</span> <span class='ocrx_word' id='word_1_228' title='bbox 839 2077 1042 2157; x_wconf 85' lang='lat' dir='ltr'>viginti</span> <span class='ocrx_word' id='word_1_229' title='bbox 1089 2088 1189 2137; x_wconf 87' lang='lat' dir='ltr'>aut</span> <span class='ocrx_word' id='word_1_230' title='bbox 1233 2078 1475 2158; x_wconf 84' lang='lat' dir='ltr'>triginta</span> <span class='ocrx_word' id='word_1_231' title='bbox 1566 2079 1791 2141; x_wconf 89' lang='lat' dir='ltr'>omines</span> <span class='ocrx_word' id='word_1_232' title='bbox 1835 2080 1919 2141; x_wconf 87' lang='lat' dir='ltr'>sic</span> <span class='ocrx_word' id='word_1_233' title='bbox 1956 2092 2157 2153; x_wconf 70' lang='lat' dir='ltr'>natare</span> <span class='ocrx_word' id='word_1_234' title='bbox 2204 2080 2267 2144; x_wconf 84' lang='lat' dir='ltr'>in</span> <span class='ocrx_word' id='word_1_235' title='bbox 2308 2084 2611 2162; x_wconf 62' lang='lat' dir='ltr'>penitudo,</span> 
     </span>
     <span class='ocr_line' id='line_1_26' title="bbox 350 2151 2607 2239; baseline 0.001 -20"><span class='ocrx_word' id='word_1_236' title='bbox 350 2158 493 2239; x_wconf 88' lang='lat' dir='ltr'>quin</span> <span class='ocrx_word' id='word_1_237' title='bbox 553 2156 652 2217; x_wconf 89' lang='lat' dir='ltr'>alii</span> <span class='ocrx_word' id='word_1_238' title='bbox 702 2154 844 2215; x_wconf 83' lang='lat' dir='ltr'>alios</span> <span class='ocrx_word' id='word_1_239' title='bbox 893 2152 1174 2213; x_wconf 76' lang='lat' dir='ltr'>collidant</span> <span class='ocrx_word' id='word_1_240' title='bbox 1223 2153 1314 2212; x_wconf 83' lang='lat' dir='ltr'>vel</span> <span class='ocrx_word' id='word_1_241' title='bbox 1363 2151 1635 2214; x_wconf 84' lang='lat' dir='ltr'>obruant.</span> <span class='ocrx_word' id='word_1_242' title='bbox 1710 2154 1953 2215; x_wconf 85' lang='lat' dir='ltr'>Manum</span> <span class='ocrx_word' id='word_1_243' title='bbox 2001 2176 2143 2239; x_wconf 84' lang='lat' dir='ltr'>ergo</span> <span class='ocrx_word' id='word_1_244' title='bbox 2192 2176 2361 2217; x_wconf 86' lang='lat' dir='ltr'>suam</span> <span class='ocrx_word' id='word_1_245' title='bbox 2514 2182 2607 2221; x_wconf 75' lang='lat' dir='ltr'>am</span> 
     </span>
     <span class='ocr_line' id='line_1_27' title="bbox 349 2229 2611 2321; baseline 0.001 -26"><span class='ocrx_word' id='word_1_246' title='bbox 349 2233 602 2296; x_wconf 80' lang='lat' dir='ltr'>exseruit</span> <span class='ocrx_word' id='word_1_247' title='bbox 617 2232 801 2306; x_wconf 85' lang='lat' dir='ltr'>Deus,</span> <span class='ocrx_word' id='word_1_248' title='bbox 837 2247 1028 2321; x_wconf 49' lang='lat' dir='ltr'>quum·</span> <span class='ocrx_word' id='word_1_249' title='bbox 1049 2230 1176 2291; x_wconf 87' lang='lat' dir='ltr'>sine</span> <span class='ocrx_word' id='word_1_250' title='bbox 1211 2229 1557 2311; x_wconf 83' lang='lat' dir='ltr'>exceptione</span> <span class='ocrx_word' id='word_1_251' title='bbox 1591 2232 1883 2293; x_wconf 86' lang='lat' dir='ltr'>numerati</span> <span class='ocrx_word' id='word_1_252' title='bbox 1918 2244 2056 2295; x_wconf 86' lang='lat' dir='ltr'>sunt</span> <span class='ocrx_word' id='word_1_253' title='bbox 2075 2253 2279 2295; x_wconf 82' lang='lat' dir='ltr'>omnes</span> <span class='ocrx_word' id='word_1_254' title='bbox 2304 2234 2371 2295; x_wconf 88' lang='lat' dir='ltr'>in</span> <span class='ocrx_word' id='word_1_255' title='bbox 2454 2248 2611 2313; x_wconf 74' lang='lat' dir='ltr'>tore,</span> 
     </span>
     <span class='ocr_line' id='line_1_28' title="bbox 357 2310 2686 2394; baseline -0.003 -20"><span class='ocrx_word' id='word_1_256' title='bbox 357 2312 460 2394; x_wconf 87' lang='lat' dir='ltr'>qui</span> <span class='ocrx_word' id='word_1_257' title='bbox 499 2330 562 2373; x_wconf 90' lang='lat' dir='ltr'>se</span> <span class='ocrx_word' id='word_1_258' title='bbox 599 2310 661 2372; x_wconf 84' lang='lat' dir='ltr'>in</span> <span class='ocrx_word' id='word_1_259' title='bbox 699 2328 858 2370; x_wconf 89' lang='lat' dir='ltr'>mare</span> <span class='ocrx_word' id='word_1_260' title='bbox 895 2318 1282 2389; x_wconf 69' lang='lat' dir='ltr'>proiecerant.</span> <span class='ocrx_word' id='word_1_261' title='bbox 1672 2374 1680 2383; x_wconf 33' lang='lat'>⁸</span> <span class='ocrx_word' id='word_1_262' title='bbox 2685 2320 2686 2335; x_wconf 22' lang='grc' dir='ltr'>ἢ</span> 
     </span>
    </p>

    <p class='ocr_par' dir='ltr' id='par_1_6' title="bbox 349 2381 2686 2924">
     <span class='ocr_line' id='line_1_29' title="bbox 501 2381 2611 2461; baseline 0 -13"><span class='ocrx_word' id='word_1_263' title='bbox 501 2394 596 2454; x_wconf 88' lang='grc'>38.</span> <span class='ocrx_word' id='word_1_264' title='bbox 671 2387 885 2446; x_wconf 54' lang='lat' dir='ltr'>smmi</span> <span class='ocrx_word' id='word_1_265' title='bbox 916 2382 1056 2444; x_wconf 68' lang='lat' dir='ltr'>cibo.</span> <span class='ocrx_word' id='word_1_266' title='bbox 1132 2383 1296 2444; x_wconf 83' lang='lat' dir='ltr'>Haec</span> <span class='ocrx_word' id='word_1_267' title='bbox 1335 2381 1765 2444; x_wconf 85' lang='lat' dir='ltr'>circumstantia</span> <span class='ocrx_word' id='word_1_268' title='bbox 1800 2383 2078 2461; x_wconf 81' lang='lat' dir='ltr'>ostendit,</span> <span class='ocrx_word' id='word_1_269' title='bbox 2116 2395 2461 2450; x_wconf 81' lang='lat' dir='ltr'>commotos</span> <span class='ocrx_word' id='word_1_270' title='bbox 2503 2387 2611 2449; x_wconf 86' lang='lat' dir='ltr'>de·</span> 
     </span>
     <span class='ocr_line' id='line_1_30' title="bbox 349 2459 2686 2544; baseline -0.002 -16"><span class='ocrx_word' id='word_1_271' title='bbox 349 2487 510 2528; x_wconf 86' lang='lat' dir='ltr'>mum</span> <span class='ocrx_word' id='word_1_272' title='bbox 551 2464 726 2525; x_wconf 79' lang='lat' dir='ltr'>fuisse</span> <span class='ocrx_word' id='word_1_273' title='bbox 772 2460 939 2522; x_wconf 86' lang='lat' dir='ltr'>Pauli</span> <span class='ocrx_word' id='word_1_274' title='bbox 981 2479 1273 2540; x_wconf 67' lang='lat' dir='ltr'>sermone.</span> <span class='ocrx_word' id='word_1_275' title='bbox 1345 2459 1628 2520; x_wconf 87' lang='lat' dir='ltr'>Nondum</span> <span class='ocrx_word' id='word_1_276' title='bbox 1675 2459 1969 2536; x_wconf 81' lang='lat' dir='ltr'>illuxerat,</span> <span class='ocrx_word' id='word_1_277' title='bbox 2022 2473 2089 2522; x_wconf 89' lang='lat' dir='ltr'>ut</span> <span class='ocrx_word' id='word_1_278' title='bbox 2134 2463 2285 2522; x_wconf 86' lang='lat' dir='ltr'>scire</span> <span class='ocrx_word' id='word_1_279' title='bbox 2330 2478 2610 2544; x_wconf 75' lang='lat' dir='ltr'>possent,</span> <span class='ocrx_word' id='word_1_280' title='bbox 2685 2459 2686 2472; x_wconf 50' lang='lat'>¹</span> 
     </span>
     <span class='ocr_line' id='line_1_31' title="bbox 351 2534 2613 2627; baseline -0 -23"><span class='ocrx_word' id='word_1_281' title='bbox 351 2555 582 2605; x_wconf 83' lang='lat' dir='ltr'>essetne</span> <span class='ocrx_word' id='word_1_282' title='bbox 627 2539 848 2601; x_wconf 76' lang='lat' dir='ltr'>vicinus</span> <span class='ocrx_word' id='word_1_283' title='bbox 895 2535 1100 2616; x_wconf 84' lang='lat' dir='ltr'>aliquis</span> <span class='ocrx_word' id='word_1_284' title='bbox 1133 2547 1369 2614; x_wconf 81' lang='lat' dir='ltr'>portus.</span> <span class='ocrx_word' id='word_1_285' title='bbox 1469 2534 1649 2627; x_wconf 69' lang='lat' dir='ltr'>Quod</span> <span class='ocrx_word' id='word_1_286' title='bbox 1698 2549 1892 2613; x_wconf 78' lang='lat' dir='ltr'>tamen</span> <span class='ocrx_word' id='word_1_287' title='bbox 1944 2536 2230 2617; x_wconf 83' lang='lat' dir='ltr'>reliquum</span> <span class='ocrx_word' id='word_1_288' title='bbox 2280 2551 2375 2600; x_wconf 84' lang='lat' dir='ltr'>est</span> <span class='ocrx_word' id='word_1_289' title='bbox 2425 2543 2613 2602; x_wconf 82' lang='lat' dir='ltr'>tritici</span> 
     </span>
     <span class='ocr_line' id='line_1_32' title="bbox 349 2612 2611 2702; baseline -0.001 -22"><span class='ocrx_word' id='word_1_290' title='bbox 349 2618 671 2702; x_wconf 80' lang='lat' dir='ltr'>proiiciunt</span> <span class='ocrx_word' id='word_1_291' title='bbox 705 2615 766 2674; x_wconf 89' lang='lat' dir='ltr'>in</span> <span class='ocrx_word' id='word_1_292' title='bbox 803 2633 963 2672; x_wconf 86' lang='lat' dir='ltr'>mare</span> <span class='ocrx_word' id='word_1_293' title='bbox 1001 2612 1332 2674; x_wconf 86' lang='lat' dir='ltr'>allevandae</span> <span class='ocrx_word' id='word_1_294' title='bbox 1369 2633 1529 2672; x_wconf 83' lang='lat' dir='ltr'>nav1s</span> <span class='ocrx_word' id='word_1_295' title='bbox 1569 2633 1754 2674; x_wconf 88' lang='lat' dir='ltr'>causa.</span> <span class='ocrx_word' id='word_1_296' title='bbox 1829 2613 1965 2674; x_wconf 85' lang='lat' dir='ltr'>Hoc</span> <span class='ocrx_word' id='word_1_297' title='bbox 2004 2634 2127 2674; x_wconf 89' lang='lat' dir='ltr'>non</span> <span class='ocrx_word' id='word_1_298' title='bbox 2155 2628 2326 2676; x_wconf 87' lang='lat' dir='ltr'>erant</span> <span class='ocrx_word' id='word_1_299' title='bbox 2364 2615 2611 2694; x_wconf 72' lang='lat' dir='ltr'>facturi,</span> 
     </span>
     <span class='ocr_line' id='line_1_33' title="bbox 349 2687 2613 2776; baseline 0 -21"><span class='ocrx_word' id='word_1_300' title='bbox 349 2697 461 2758; x_wconf 89' lang='lat' dir='ltr'>nisi</span> <span class='ocrx_word' id='word_1_301' title='bbox 501 2695 630 2776; x_wconf 87' lang='lat' dir='ltr'>plus</span> <span class='ocrx_word' id='word_1_302' title='bbox 669 2689 824 2773; x_wconf 85' lang='lat' dir='ltr'>apud</span> <span class='ocrx_word' id='word_1_303' title='bbox 861 2710 964 2750; x_wconf 89' lang='lat' dir='ltr'>cos</span> <span class='ocrx_word' id='word_1_304' title='bbox 1015 2709 1186 2768; x_wconf 87' lang='lat' dir='ltr'>quam</span> <span class='ocrx_word' id='word_1_305' title='bbox 1238 2699 1407 2748; x_wconf 89' lang='lat' dir='ltr'>antea</span> <span class='ocrx_word' id='word_1_306' title='bbox 1456 2687 1723 2749; x_wconf 84' lang='lat' dir='ltr'>valuisset</span> <span class='ocrx_word' id='word_1_307' title='bbox 1758 2687 1924 2750; x_wconf 86' lang='lat' dir='ltr'>Pauli</span> <span class='ocrx_word' id='word_1_308' title='bbox 1962 2691 2295 2752; x_wconf 84' lang='lat' dir='ltr'>auctoritas.</span> <span class='ocrx_word' id='word_1_309' title='bbox 2376 2693 2613 2756; x_wconf 83' lang='lat' dir='ltr'>Verum</span> 
     </span>
     <span class='ocr_line' id='line_1_34' title="bbox 349 2763 2609 2840; baseline -0.001 -7"><span class='ocrx_word' id='word_1_310' title='bbox 349 2785 419 2832; x_wconf 87' lang='lat' dir='ltr'>ut</span> <span class='ocrx_word' id='word_1_311' title='bbox 455 2769 750 2833; x_wconf 81' lang='lat' dir='ltr'>instabiles</span> <span class='ocrx_word' id='word_1_312' title='bbox 786 2777 924 2826; x_wconf 87' lang='lat' dir='ltr'>sunt</span> <span class='ocrx_word' id='word_1_313' title='bbox 969 2763 1256 2826; x_wconf 87' lang='lat' dir='ltr'>increduli</span> <span class='ocrx_word' id='word_1_314' title='bbox 1300 2784 1536 2840; x_wconf 86' lang='lat' dir='ltr'>omnes,</span> <span class='ocrx_word' id='word_1_315' title='bbox 1586 2763 1754 2826; x_wconf 85' lang='lat' dir='ltr'>facile</span> <span class='ocrx_word' id='word_1_316' title='bbox 1800 2786 1937 2828; x_wconf 81' lang='lat' dir='ltr'>mox</span> <span class='ocrx_word' id='word_1_317' title='bbox 1986 2767 2220 2828; x_wconf 86' lang='lat' dir='ltr'>evanuit</span> <span class='ocrx_word' id='word_1_318' title='bbox 2272 2786 2343 2827; x_wconf 81' lang='lat' dir='ltr'>ex</span> <span class='ocrx_word' id='word_1_319' title='bbox 2389 2788 2609 2830; x_wconf 80' lang='lat' dir='ltr'>eorum</span> 
     </span>
     <span class='ocr_line' id='line_1_35' title="bbox 353 2839 2686 2924; baseline -0.005 -14"><span class='ocrx_word' id='word_1_320' title='bbox 353 2847 564 2910; x_wconf 81' lang='lat' dir='ltr'>animis</span> <span class='ocrx_word' id='word_1_321' title='bbox 601 2845 700 2906; x_wconf 87' lang='lat' dir='ltr'>illa</span> <span class='ocrx_word' id='word_1_322' title='bbox 738 2841 1055 2923; x_wconf 85' lang='lat' dir='ltr'>persuasio.</span> <span class='ocrx_word' id='word_1_323' title='bbox 1956 2839 1961 2849; x_wconf 78' lang='grc'><strong>”</strong></span> <span class='ocrx_word' id='word_1_324' title='bbox 2685 2907 2686 2924; x_wconf 21' lang='lat'>¹</span> 
     </span>
    </p>

    <p class='ocr_par' dir='ltr' id='par_1_7' title="bbox 349 2913 2686 3765">
     <span class='ocr_line' id='line_1_36' title="bbox 502 2913 2686 2994; baseline 0.001 -14"><span class='ocrx_word' id='word_1_325' title='bbox 502 2929 596 2986; x_wconf 81' lang='grc'>41.</span> <span class='ocrx_word' id='word_1_326' title='bbox 671 2919 1042 2994; x_wconf 69' lang='lat' dir='ltr'>Impegeuw</span> <span class='ocrx_word' id='word_1_327' title='bbox 1078 2935 1298 2976; x_wconf 66' lang='lat' dir='ltr'>nemen.</span> <span class='ocrx_word' id='word_1_328' title='bbox 1377 2913 1551 2978; x_wconf 89' lang='lat' dir='ltr'>Tunc</span> <span class='ocrx_word' id='word_1_329' title='bbox 1588 2937 1729 2979; x_wconf 81' lang='lat' dir='ltr'>vero</span> <span class='ocrx_word' id='word_1_330' title='bbox 1780 2928 1840 2978; x_wconf 89' lang='lat' dir='ltr'>et</span> <span class='ocrx_word' id='word_1_331' title='bbox 1882 2916 2129 2980; x_wconf 84' lang='lat' dir='ltr'>Paulum</span> <span class='ocrx_word' id='word_1_332' title='bbox 2176 2917 2387 2982; x_wconf 77' lang='lat' dir='ltr'>lusisse</span> <span class='ocrx_word' id='word_1_333' title='bbox 2434 2921 2609 2984; x_wconf 75' lang='lat' dir='ltr'>Deus</span> <span class='ocrx_word' id='word_1_334' title='bbox 2685 2961 2686 2964; x_wconf 59' lang='lat'><em>=</em></span> 
     </span>
     <span class='ocr_line' id='line_1_37' title="bbox 349 2991 2611 3078; baseline 0 -18"><span class='ocrx_word' id='word_1_335' title='bbox 349 2999 536 3064; x_wconf 81' lang='lat' dir='ltr'>videri</span> <span class='ocrx_word' id='word_1_336' title='bbox 575 2996 797 3078; x_wconf 82' lang='lat' dir='ltr'>potuit,</span> <span class='ocrx_word' id='word_1_337' title='bbox 849 3004 909 3052; x_wconf 88' lang='lat' dir='ltr'>et</span> <span class='ocrx_word' id='word_1_338' title='bbox 955 2993 1083 3071; x_wconf 88' lang='lat' dir='ltr'>ipse</span> <span class='ocrx_word' id='word_1_339' title='bbox 1123 2991 1399 3073; x_wconf 85' lang='lat' dir='ltr'>nugando</span> <span class='ocrx_word' id='word_1_340' title='bbox 1438 2994 1629 3055; x_wconf 84' lang='lat' dir='ltr'>socios</span> <span class='ocrx_word' id='word_1_341' title='bbox 1668 2993 1870 3056; x_wconf 76' lang='lat' dir='ltr'>naufra</span> <span class='ocrx_word' id='word_1_342' title='bbox 1914 2995 1957 3055; x_wconf 88' lang='lat' dir='ltr'>ii</span> <span class='ocrx_word' id='word_1_343' title='bbox 1993 3016 2133 3056; x_wconf 82' lang='lat' dir='ltr'>vana</span> <span class='ocrx_word' id='word_1_344' title='bbox 2172 3017 2279 3077; x_wconf 74' lang='lat' dir='ltr'>spe</span> <span class='ocrx_word' id='word_1_345' title='bbox 2328 2997 2611 3060; x_wconf 80' lang='lat' dir='ltr'>lactasse:</span> 
     </span>
     <span class='ocr_line' id='line_1_38' title="bbox 351 3069 2615 3152; baseline -0.001 -15"><span class='ocrx_word' id='word_1_346' title='bbox 351 3076 453 3138; x_wconf 79' lang='lat' dir='ltr'>sed</span> <span class='ocrx_word' id='word_1_347' title='bbox 483 3073 645 3133; x_wconf 87' lang='lat' dir='ltr'>Deus</span> <span class='ocrx_word' id='word_1_348' title='bbox 684 3069 1056 3152; x_wconf 80' lang='lat' dir='ltr'>prosperiore</span> <span class='ocrx_word' id='word_1_349' title='bbox 1091 3086 1360 3128; x_wconf 86' lang='lat' dir='ltr'>successu</span> <span class='ocrx_word' id='word_1_350' title='bbox 1398 3089 1661 3130; x_wconf 88' lang='lat' dir='ltr'>errorem</span> <span class='ocrx_word' id='word_1_351' title='bbox 1698 3091 1835 3132; x_wconf 88' lang='lat' dir='ltr'>mox</span> <span class='ocrx_word' id='word_1_352' title='bbox 1912 3072 2150 3132; x_wconf 82' lang='lat' dir='ltr'>iscussit.</span> <span class='ocrx_word' id='word_1_353' title='bbox 2224 3071 2317 3134; x_wconf 84' lang='lat' dir='ltr'>Ita</span> <span class='ocrx_word' id='word_1_354' title='bbox 2350 3075 2615 3151; x_wconf 70' lang='lat' dir='ltr'>scilicet,</span> 
     </span>
     <span class='ocr_line' id='line_1_39' title="bbox 353 3144 2613 3228; baseline 0.001 -16"><span class='ocrx_word' id='word_1_355' title='bbox 353 3151 456 3212; x_wconf 89' lang='lat' dir='ltr'>ubi</span> <span class='ocrx_word' id='word_1_356' title='bbox 475 3151 654 3210; x_wconf 81' lang='lat' dir='ltr'>fracta</span> <span class='ocrx_word' id='word_1_357' title='bbox 693 3158 756 3206; x_wconf 89' lang='lat' dir='ltr'>et</span> <span class='ocrx_word' id='word_1_358' title='bbox 791 3144 980 3206; x_wconf 88' lang='lat' dir='ltr'>soluta</span> <span class='ocrx_word' id='word_1_359' title='bbox 1017 3155 1107 3204; x_wconf 89' lang='lat' dir='ltr'>est</span> <span class='ocrx_word' id='word_1_360' title='bbox 1146 3145 1324 3220; x_wconf 83' lang='lat' dir='ltr'>navis,</span> <span class='ocrx_word' id='word_1_361' title='bbox 1365 3144 1559 3227; x_wconf 81' lang='lat' dir='ltr'>frangi</span> <span class='ocrx_word' id='word_1_362' title='bbox 1598 3157 1660 3206; x_wconf 87' lang='lat' dir='ltr'>et</span> <span class='ocrx_word' id='word_1_363' title='bbox 1695 3145 2015 3228; x_wconf 81' lang='lat' dir='ltr'>liquescere</span> <span class='ocrx_word' id='word_1_364' title='bbox 2040 3169 2077 3208; x_wconf 92' lang='lat' dir='ltr'>o</span> <span class='ocrx_word' id='word_1_365' title='bbox 2124 3149 2313 3211; x_wconf 82' lang='lat' dir='ltr'>ortuit</span> <span class='ocrx_word' id='word_1_366' title='bbox 2330 3151 2613 3214; x_wconf 77' lang='lat' dir='ltr'>omium</span> 
     </span>
     <span class='ocr_line' id='line_1_40' title="bbox 353 3219 2613 3308; baseline 0.001 -20"><span class='ocrx_word' id='word_1_367' title='bbox 353 3229 614 3298; x_wconf 84' lang='lat' dir='ltr'>animos,</span> <span class='ocrx_word' id='word_1_368' title='bbox 667 3233 734 3282; x_wconf 86' lang='lat' dir='ltr'>nt</span> <span class='ocrx_word' id='word_1_369' title='bbox 771 3223 870 3282; x_wconf 81' lang='lat' dir='ltr'>des</span> <span class='ocrx_word' id='word_1_370' title='bbox 915 3221 1098 3281; x_wconf 82' lang='lat' dir='ltr'>eratin</span> <span class='ocrx_word' id='word_1_371' title='bbox 1147 3220 1408 3282; x_wconf 87' lang='lat' dir='ltr'>miraculi</span> <span class='ocrx_word' id='word_1_372' title='bbox 1446 3223 1689 3304; x_wconf 81' lang='lat' dir='ltr'>gloriam</span> <span class='ocrx_word' id='word_1_373' title='bbox 1727 3235 1987 3306; x_wconf 86' lang='lat' dir='ltr'>augeret.</span> <span class='ocrx_word' id='word_1_374' title='bbox 2110 3219 2175 3286; x_wconf 61' lang='lat' dir='ltr'>ic*</span> <span class='ocrx_word' id='word_1_375' title='bbox 2211 3226 2375 3286; x_wconf 86' lang='lat' dir='ltr'>enim</span> <span class='ocrx_word' id='word_1_376' title='bbox 2418 3248 2613 3308; x_wconf 81' lang='lat' dir='ltr'>opera</span> 
     </span>
     <span class='ocr_line' id='line_1_41' title="bbox 351 3296 2611 3384; baseline 0 -19"><span class='ocrx_word' id='word_1_377' title='bbox 351 3325 453 3366; x_wconf 84' lang='lat' dir='ltr'>sua</span> <span class='ocrx_word' id='word_1_378' title='bbox 490 3296 784 3362; x_wconf 87' lang='lat' dir='ltr'>moderari</span> <span class='ocrx_word' id='word_1_379' title='bbox 822 3319 888 3360; x_wconf 87' lang='lat' dir='ltr'>so</span> <span class='ocrx_word' id='word_1_380' title='bbox 915 3309 975 3358; x_wconf 88' lang='lat' dir='ltr'>ct</span> <span class='ocrx_word' id='word_1_381' title='bbox 1009 3297 1190 3372; x_wconf 88' lang='lat' dir='ltr'>Deus,</span> <span class='ocrx_word' id='word_1_382' title='bbox 1229 3309 1295 3356; x_wconf 90' lang='lat' dir='ltr'>ut</span> <span class='ocrx_word' id='word_1_383' title='bbox 1331 3297 1526 3359; x_wconf 83' lang='lat' dir='ltr'>multis</span> <span class='ocrx_word' id='word_1_384' title='bbox 1562 3319 1627 3358; x_wconf 88' lang='lat' dir='ltr'>se</span> <span class='ocrx_word' id='word_1_385' title='bbox 1665 3299 1976 3364; x_wconf 79' lang='lat' dir='ltr'>obstaculis</span> <span class='ocrx_word' id='word_1_386' title='bbox 2013 3301 2425 3384; x_wconf 79' lang='lat' dir='ltr'>ingerentibus</span> <span class='ocrx_word' id='word_1_387' title='bbox 2464 3325 2611 3384; x_wconf 80' lang='lat' dir='ltr'>spe-</span> 
     </span>
     <span class='ocr_line' id='line_1_42' title="bbox 354 3373 2613 3453; baseline -0.001 -11"><span class='ocrx_word' id='word_1_388' title='bbox 354 3382 502 3442; x_wconf 89' lang='lat' dir='ltr'>ciem</span> <span class='ocrx_word' id='word_1_389' title='bbox 549 3375 904 3437; x_wconf 80' lang='lat' dir='ltr'>difficultatis</span> <span class='ocrx_word' id='word_1_390' title='bbox 953 3373 1124 3434; x_wconf 89' lang='lat' dir='ltr'>nobis</span> <span class='ocrx_word' id='word_1_391' title='bbox 1174 3373 1475 3453; x_wconf 82' lang='lat' dir='ltr'>praebeat.</span> <span class='ocrx_word' id='word_1_392' title='bbox 1573 3375 1709 3438; x_wconf 89' lang='lat' dir='ltr'>Hoc</span> <span class='ocrx_word' id='word_1_393' title='bbox 1756 3377 1935 3438; x_wconf 89' lang='lat' dir='ltr'>modo</span> <span class='ocrx_word' id='word_1_394' title='bbox 1985 3397 2187 3440; x_wconf 75' lang='lat' dir='ltr'>sensus</span> <span class='ocrx_word' id='word_1_395' title='bbox 2231 3389 2479 3440; x_wconf 80' lang='lat' dir='ltr'>nostros</span> <span class='ocrx_word' id='word_1_396' title='bbox 2532 3381 2613 3442; x_wconf 80' lang='lat' dir='ltr'>ad</span> 
     </span>
     <span class='ocr_line' id='line_1_43' title="bbox 351 3449 2611 3536; baseline -0 -19"><span class='ocrx_word' id='word_1_397' title='bbox 351 3456 636 3517; x_wconf 86' lang='lat' dir='ltr'>maiorem</span> <span class='ocrx_word' id='word_1_398' title='bbox 685 3451 1074 3512; x_wconf 88' lang='lat' dir='ltr'>intentionem</span> <span class='ocrx_word' id='word_1_399' title='bbox 1131 3449 1319 3524; x_wconf 88' lang='lat' dir='ltr'>acuit,</span> <span class='ocrx_word' id='word_1_400' title='bbox 1379 3461 1449 3510; x_wconf 88' lang='lat' dir='ltr'>ut</span> <span class='ocrx_word' id='word_1_401' title='bbox 1493 3451 1731 3512; x_wconf 86' lang='lat' dir='ltr'>tandem</span> <span class='ocrx_word' id='word_1_402' title='bbox 1780 3453 2092 3529; x_wconf 84' lang='lat' dir='ltr'>discamus,</span> <span class='ocrx_word' id='word_1_403' title='bbox 2149 3454 2415 3536; x_wconf 80' lang='lat' dir='ltr'>quamvis</span> <span class='ocrx_word' id='word_1_404' title='bbox 2466 3467 2611 3516; x_wconf 83' lang='lat' dir='ltr'>toto</span> 
     </span>
     <span class='ocr_line' id='line_1_44' title="bbox 353 3525 2615 3606; baseline -0 -12"><span class='ocrx_word' id='word_1_405' title='bbox 353 3531 575 3594; x_wconf 86' lang='lat' dir='ltr'>mundo</span> <span class='ocrx_word' id='word_1_406' title='bbox 615 3528 870 3589; x_wconf 87' lang='lat' dir='ltr'>luctante</span> <span class='ocrx_word' id='word_1_407' title='bbox 890 3527 1130 3588; x_wconf 86' lang='lat' dir='ltr'>minime</span> <span class='ocrx_word' id='word_1_408' title='bbox 1167 3525 1460 3605; x_wconf 87' lang='lat' dir='ltr'>impediri,</span> <span class='ocrx_word' id='word_1_409' title='bbox 1500 3527 1809 3606; x_wconf 85' lang='lat' dir='ltr'>quominus</span> <span class='ocrx_word' id='word_1_410' title='bbox 1848 3531 2039 3592; x_wconf 85' lang='lat' dir='ltr'>victor</span> <span class='ocrx_word' id='word_1_411' title='bbox 2074 3550 2235 3590; x_wconf 84' lang='lat' dir='ltr'>emer</span> <span class='ocrx_word' id='word_1_412' title='bbox 2278 3541 2355 3590; x_wconf 84' lang='lat' dir='ltr'>at.</span> <span class='ocrx_word' id='word_1_413' title='bbox 2438 3531 2615 3593; x_wconf 79' lang='lat' dir='ltr'>Haec</span> 
     </span>
     <span class='ocr_line' id='line_1_45' title="bbox 351 3601 2611 3688; baseline -0.001 -17"><span class='ocrx_word' id='word_1_414' title='bbox 351 3611 508 3671; x_wconf 84' lang='lat' dir='ltr'>ratio</span> <span class='ocrx_word' id='word_1_415' title='bbox 547 3616 662 3680; x_wconf 88' lang='lat' dir='ltr'>est,</span> <span class='ocrx_word' id='word_1_416' title='bbox 710 3625 816 3665; x_wconf 89' lang='lat' dir='ltr'>cur</span> <span class='ocrx_word' id='word_1_417' title='bbox 849 3603 1116 3664; x_wconf 85' lang='lat' dir='ltr'>maluerit</span> <span class='ocrx_word' id='word_1_418' title='bbox 1151 3601 1394 3662; x_wconf 87' lang='lat' dir='ltr'>Paulum</span> <span class='ocrx_word' id='word_1_419' title='bbox 1436 3615 1494 3663; x_wconf 87' lang='lat' dir='ltr'>et</span> <span class='ocrx_word' id='word_1_420' title='bbox 1533 3603 1675 3664; x_wconf 83' lang='lat' dir='ltr'>alios</span> <span class='ocrx_word' id='word_1_421' title='bbox 1714 3604 1899 3666; x_wconf 80' lang='lat' dir='ltr'>fracta</span> <span class='ocrx_word' id='word_1_422' title='bbox 1934 3605 2065 3668; x_wconf 81' lang='lat' dir='ltr'>navi</span> <span class='ocrx_word' id='word_1_423' title='bbox 2112 3627 2227 3668; x_wconf 87' lang='lat' dir='ltr'>nau</span> <span class='ocrx_word' id='word_1_424' title='bbox 2254 3625 2433 3688; x_wconf 76' lang='lat' dir='ltr'>rages</span> <span class='ocrx_word' id='word_1_425' title='bbox 2478 3619 2611 3668; x_wconf 76' lang='lat' dir='ltr'>tra-</span> 
     </span>
     <span class='ocr_line' id='line_1_46' title="bbox 353 3673 1953 3765; baseline -0.004 -19"><span class='ocrx_word' id='word_1_426' title='bbox 353 3687 516 3760; x_wconf 85' lang='lat' dir='ltr'>bere,</span> <span class='ocrx_word' id='word_1_427' title='bbox 555 3701 725 3764; x_wconf 87' lang='lat' dir='ltr'>quam</span> <span class='ocrx_word' id='word_1_428' title='bbox 763 3701 968 3742; x_wconf 84' lang='lat' dir='ltr'>navem</span> <span class='ocrx_word' id='word_1_429' title='bbox 1005 3673 1292 3765; x_wconf 75' lang='lat' dir='ltr'>integram</span> <span class='ocrx_word' id='word_1_430' title='bbox 1328 3679 1654 3759; x_wconf 84' lang='lat' dir='ltr'>perducere</span> <span class='ocrx_word' id='word_1_431' title='bbox 1686 3681 1761 3742; x_wconf 88' lang='lat' dir='ltr'>ad</span> <span class='ocrx_word' id='word_1_432' title='bbox 1798 3682 1953 3743; x_wconf 82' lang='lat' dir='ltr'>litus.</span> 
     </span>
    </p>

    <p class='ocr_par' dir='ltr' id='par_1_8' title="bbox 351 3755 2686 4234">
     <span class='ocr_line' id='line_1_47' title="bbox 502 3755 2609 3851; baseline 0 -32"><span class='ocrx_word' id='word_1_433' title='bbox 502 3767 598 3838; x_wconf 77' lang='lat'>42.</span> <span class='ocrx_word' id='word_1_434' title='bbox 674 3757 864 3818; x_wconf 79' lang='lat' dir='ltr'>Porro</span> <span class='ocrx_word' id='word_1_435' title='bbox 909 3756 1152 3815; x_wconf 57' lang='lat' dir='ltr'>„mitum</span> <span class='ocrx_word' id='word_1_436' title='bbox 1185 3767 1286 3813; x_wconf 70' lang='lat' dir='ltr'>etc.</span> <span class='ocrx_word' id='word_1_437' title='bbox 1363 3755 1547 3816; x_wconf 88' lang='lat' dir='ltr'>Nimis</span> <span class='ocrx_word' id='word_1_438' title='bbox 1594 3777 1759 3818; x_wconf 81' lang='lat' dir='ltr'>saeva</span> <span class='ocrx_word' id='word_1_439' title='bbox 1808 3757 2167 3840; x_wconf 78' lang='lat' dir='ltr'>ingratitudo</span> <span class='ocrx_word' id='word_1_440' title='bbox 2217 3757 2361 3818; x_wconf 73' lang='lat' dir='ltr'>fuit:</span> <span class='ocrx_word' id='word_1_441' title='bbox 2420 3779 2609 3851; x_wconf 76' lang='lat' dir='ltr'>quum</span> 
     </span>
     <span class='ocr_line' id='line_1_48' title="bbox 353 3828 2607 3929; baseline -0.001 -28"><span class='ocrx_word' id='word_1_442' title='bbox 353 3839 530 3902; x_wconf 78' lang='lat' dir='ltr'>vitam</span> <span class='ocrx_word' id='word_1_443' title='bbox 569 3837 656 3897; x_wconf 87' lang='lat' dir='ltr'>bis</span> <span class='ocrx_word' id='word_1_444' title='bbox 695 3847 798 3897; x_wconf 82' lang='lat' dir='ltr'>aut.</span> <span class='ocrx_word' id='word_1_445' title='bbox 832 3846 926 3894; x_wconf 89' lang='lat' dir='ltr'>ter</span> <span class='ocrx_word' id='word_1_446' title='bbox 959 3828 1146 3891; x_wconf 88' lang='lat' dir='ltr'>Paulo</span> <span class='ocrx_word' id='word_1_447' title='bbox 1187 3828 1473 3892; x_wconf 87' lang='lat' dir='ltr'>deberent</span> <span class='ocrx_word' id='word_1_448' title='bbox 1514 3831 1757 3910; x_wconf 87' lang='lat' dir='ltr'>milites,</span> <span class='ocrx_word' id='word_1_449' title='bbox 1808 3853 1938 3894; x_wconf 89' lang='lat' dir='ltr'>eum</span> <span class='ocrx_word' id='word_1_450' title='bbox 1989 3833 2263 3896; x_wconf 89' lang='lat' dir='ltr'>occidere</span> <span class='ocrx_word' id='word_1_451' title='bbox 2312 3847 2607 3929; x_wconf 59' lang='lat' dir='ltr'>cogitant.</span> 
     </span>
     <span class='ocr_line' id='line_1_49' title="bbox 356 3905 2611 3993; baseline -0.002 -16"><span class='ocrx_word' id='word_1_452' title='bbox 356 3917 422 3977; x_wconf 89' lang='lat' dir='ltr'>in</span> <span class='ocrx_word' id='word_1_453' title='bbox 461 3913 620 3976; x_wconf 85' lang='lat' dir='ltr'>cuius</span> <span class='ocrx_word' id='word_1_454' title='bbox 689 3911 887 3971; x_wconf 76' lang='lat' dir='ltr'>retiam</span> <span class='ocrx_word' id='word_1_455' title='bbox 910 3926 1158 3985; x_wconf 86' lang='lat' dir='ltr'>aequum</span> <span class='ocrx_word' id='word_1_456' title='bbox 1183 3905 1386 3968; x_wconf 79' lang='lat' dir='ltr'>fuisset</span> <span class='ocrx_word' id='word_1_457' title='bbox 1407 3907 1531 3968; x_wconf 77' lang='lat' dir='ltr'>aliis</span> <span class='ocrx_word' id='word_1_458' title='bbox 1592 3929 1809 3970; x_wconf 87' lang='lat' dir='ltr'>arcere.</span> <span class='ocrx_word' id='word_1_459' title='bbox 1882 3909 2077 3971; x_wconf 79' lang='lat' dir='ltr'>Allata</span> <span class='ocrx_word' id='word_1_460' title='bbox 2112 3909 2223 3972; x_wconf 82' lang='lat' dir='ltr'>illis</span> <span class='ocrx_word' id='word_1_461' title='bbox 2260 3929 2377 3991; x_wconf 83' lang='lat' dir='ltr'>per</span> <span class='ocrx_word' id='word_1_462' title='bbox 2414 3933 2611 3993; x_wconf 66' lang='lat' dir='ltr'>ipsun</span> 
     </span>
     <span class='ocr_line' id='line_1_50' title="bbox 353 3931 2686 4076; baseline -0.002 -24"><span class='ocrx_word' id='word_1_463' title='bbox 353 3993 547 4052; x_wconf 86' lang='lat' dir='ltr'>fuerat</span> <span class='ocrx_word' id='word_1_464' title='bbox 583 3931 755 4060; x_wconf 55' lang='grc' dir='ltr'><strong>εαξη,</strong></span> <span class='ocrx_word' id='word_1_465' title='bbox 792 4005 916 4076; x_wconf 73' lang='lat' dir='ltr'>non</span> <span class='ocrx_word' id='word_1_466' title='bbox 953 4001 1116 4044; x_wconf 81' lang='lat' dir='ltr'>secus</span> <span class='ocrx_word' id='word_1_467' title='bbox 1154 4004 1220 4073; x_wconf 73' lang='lat' dir='ltr'>ac</span> <span class='ocrx_word' id='word_1_468' title='bbox 1259 4003 1366 4063; x_wconf 87' lang='lat' dir='ltr'>per</span> <span class='ocrx_word' id='word_1_469' title='bbox 1412 4003 1562 4064; x_wconf 86' lang='lat' dir='ltr'>ange</span> <span class='ocrx_word' id='word_1_470' title='bbox 1586 4007 1683 4046; x_wconf 83' lang='lat' dir='ltr'>um</span> <span class='ocrx_word' id='word_1_471' title='bbox 1719 3985 1837 4047; x_wconf 88' lang='lat' dir='ltr'>Dei</span> <span class='ocrx_word' id='word_1_472' title='bbox 1896 3986 2143 4048; x_wconf 85' lang='lat' dir='ltr'>salutare</span> <span class='ocrx_word' id='word_1_473' title='bbox 2192 4005 2261 4046; x_wconf 80' lang='lat' dir='ltr'>ex</span> <span class='ocrx_word' id='word_1_474' title='bbox 2300 4007 2417 4048; x_wconf 84' lang='lat' dir='ltr'>ore</span> <span class='ocrx_word' id='word_1_475' title='bbox 2478 3989 2609 4048; x_wconf 78' lang='lat' dir='ltr'>eius</span> <span class='ocrx_word' id='word_1_476' title='bbox 2685 4033 2686 4062; x_wconf 30' lang='lat'><em>5</em></span> 
     </span>
     <span class='ocr_line' id='line_1_51' title="bbox 353 4061 2686 4132; baseline -0.002 -3"><span class='ocrx_word' id='word_1_477' title='bbox 353 4064 658 4129; x_wconf 83' lang='lat' dir='ltr'>consilium</span> <span class='ocrx_word' id='word_1_478' title='bbox 693 4063 1014 4132; x_wconf 73' lang='lat' dir='ltr'>audierant,</span> <span class='ocrx_word' id='word_1_479' title='bbox 1051 4077 1340 4120; x_wconf 69' lang='lat' dir='ltr'>exanimes</span> <span class='ocrx_word' id='word_1_480' title='bbox 1375 4061 1589 4121; x_wconf 87' lang='lat' dir='ltr'>eodem</span> <span class='ocrx_word' id='word_1_481' title='bbox 1622 4063 1719 4123; x_wconf 85' lang='lat' dir='ltr'>die</span> <span class='ocrx_word' id='word_1_482' title='bbox 1754 4073 2146 4124; x_wconf 75' lang='lat' dir='ltr'>recreaverat:</span> <span class='ocrx_word' id='word_1_483' title='bbox 2186 4081 2349 4124; x_wconf 82' lang='lat' dir='ltr'>nunc</span> <span class='ocrx_word' id='word_1_484' title='bbox 2388 4063 2615 4125; x_wconf 85' lang='lat' dir='ltr'>crude-</span> <span class='ocrx_word' id='word_1_485' title='bbox 2685 4081 2686 4086; x_wconf 72' lang='grc'>’</span> 
     </span>
     <span class='ocr_line' id='line_1_52' title="bbox 351 4131 2615 4234; baseline -0.002 -32"><span class='ocrx_word' id='word_1_486' title='bbox 351 4143 491 4202; x_wconf 78' lang='lat' dir='ltr'>liter</span> <span class='ocrx_word' id='word_1_487' title='bbox 523 4139 774 4234; x_wconf 81' lang='lat' dir='ltr'>perdere</span> <span class='ocrx_word' id='word_1_488' title='bbox 811 4155 938 4198; x_wconf 88' lang='lat' dir='ltr'>non</span> <span class='ocrx_word' id='word_1_489' title='bbox 975 4131 1276 4210; x_wconf 86' lang='lat' dir='ltr'>dubitant,</span> <span class='ocrx_word' id='word_1_490' title='bbox 1323 4155 1358 4194; x_wconf 90' lang='lat' dir='ltr'>a</span> <span class='ocrx_word' id='word_1_491' title='bbox 1410 4157 1528 4226; x_wconf 65' lang='lat' dir='ltr'>qno</span> <span class='ocrx_word' id='word_1_492' title='bbox 1564 4139 1759 4201; x_wconf 75' lang='lat' dir='ltr'>&#39;toties</span> <span class='ocrx_word' id='word_1_493' title='bbox 1784 4149 1861 4200; x_wconf 84' lang='lat' dir='ltr'>.et</span> <span class='ocrx_word' id='word_1_494' title='bbox 1893 4149 1991 4200; x_wconf 84' lang='lat' dir='ltr'>tot</span> <span class='ocrx_word' id='word_1_495' title='bbox 2026 4137 2215 4202; x_wconf 69' lang='lat' dir='ltr'>modis</span> <span class='ocrx_word' id='word_1_496' title='bbox 2252 4139 2495 4200; x_wconf 77' lang='lat' dir='ltr'>fuerant</span> <span class='ocrx_word' id='word_1_497' title='bbox 2534 4139 2615 4198; x_wconf 84' lang='lat' dir='ltr'>li-</span> 
     </span>
    </p>
   </div>
   <div class='ocr_carea' id='block_1_3' title="bbox 351 4209 2613 4298">
    <p class='ocr_par' dir='ltr' id='par_1_9' title="bbox 351 4209 2613 4298">
     <span class='ocr_line' id='line_1_53' title="bbox 351 4209 2613 4298; baseline 0.001 -21"><span class='ocrx_word' id='word_1_498' title='bbox 351 4215 560 4279; x_wconf 72' lang='lat' dir='ltr'>berati.</span> <span class='ocrx_word' id='word_1_499' title='bbox 635 4214 840 4288; x_wconf 85' lang='lat' dir='ltr'>Quare</span> <span class='ocrx_word' id='word_1_500' title='bbox 873 4212 928 4290; x_wconf 65' lang='grc' dir='ltr'>εἰ,</span> <span class='ocrx_word' id='word_1_501' title='bbox 961 4211 1299 4292; x_wconf 82' lang='lat' dir='ltr'>contingat,</span> <span class='ocrx_word' id='word_1_502' title='bbox 1345 4209 1611 4294; x_wconf 71' lang='lat' dir='ltr'>iniquam</span> <span class='ocrx_word' id='word_1_503' title='bbox 1654 4213 1830 4280; x_wconf 73' lang='lat' dir='ltr'>nobis</span> <span class='ocrx_word' id='word_1_504' title='bbox 1862 4213 2199 4280; x_wconf 81' lang='lat' dir='ltr'>mercedem</span> <span class='ocrx_word' id='word_1_505' title='bbox 2230 4215 2457 4280; x_wconf 81' lang='lat' dir='ltr'>referti</span> <span class='ocrx_word' id='word_1_506' title='bbox 2490 4235 2613 4298; x_wconf 73' lang='lat' dir='ltr'>pre</span> 
     </span>
    </p>
   </div>
   <div class='ocr_carea' id='block_1_4' title="bbox 1810 4373 1829 4404">
    <p class='ocr_par' dir='ltr' id='par_1_10' title="bbox 1810 4373 1829 4404">
     <span class='ocr_line' id='line_1_54' title="bbox 1810 4373 1829 4404; baseline 0 0"><span class='ocrx_word' id='word_1_507' title='bbox 1810 4373 1829 4404; x_wconf 55' lang='grc' dir='ltr'>ἱ</span> 
     </span>
    </p>
   </div>
   <div class='ocr_carea' id='block_1_5' title="bbox 2685 1344 2687 2265">
    <p class='ocr_par' dir='ltr' id='par_1_11' title="bbox 2685 1344 2687 2265">
     <span class='ocr_line' id='line_1_55' title="bbox 2685 1344 2687 2265; baseline 0 0"><span class='ocrx_word' id='word_1_508' title='bbox 2685 1344 2687 2265; x_wconf 95' lang='lat' dir='ltr'> </span> 
     </span>
    </p>
   </div>
  </div>
 </body>
</html>
