2788 4713
1121 228 1399 293 CAPUT
1438 230 1517 291 11.
2366 240 2444 301 47

149 376 368 439 -fantes
394 394 480 437 ια
519 372 790 437 fidelibus
871 374 1064 437 enites
1103 396 1136 437 a
1174 372 1474 457 baptismo
1512 384 1737 450 arcent,
1788 376 1951 461 qua‘si
1992 396 2116 436 non
2166 376 2286 437 sint
2320 377 2439 439 Ec-
2562 374 2573 383 ’

175 454 394 515 clesiae
446 451 730 513 membra.
819 390 1122 545 {ffugium
1173 452 1238 512 in
1289 451 1612 546 allegorico
1662 470 1835 512 sensu
1885 466 2123 545 captant
2168 474 2235 514 ac
2284 454 2440 516 filios

175 533 672 611 interpretantur,
710 528 812 609 qui
851 530 1243 609 spiritualiter
1281 529 1472 611 gemti
1523 539 1675 588 sunt.
1752 527 1874 590 Sed
1923 530 2071 591 nihil
2118 530 2442 611 proficiunt

175 622 297 671 uin
359 628 552 668 crassa
605 606 990 686 impudentia.
1079 606 1280 668 Palam
1340 620 1431 667 est
1494 606 1609 665 hoc
1658 604 1875 665 dietum
1926 604 2101 667 fuisse
2150 629 2183 668 a
2232 608 2439 684 Petro,

179 686 322 765 qnia
357 684 524 743 Deus
567 696 816 765 gentem·
855 704 1034 743 unam
1079 682 1463 763 peculiariter
1508 681 1896 761 adoptaverit.
2002 683 2185 757 Quod
2244 698 2439 747 autem

179 764 272 823 ius
329 760 672 843 adoptionis
733 759 910 819 etiam
963 760 1290 821 infantibus
1329 778 1644 820 commune
1685 770 1868 831 esset,
1928 760 2095 819 testis
2145 761 2257 821 fuit
2298 762 2436 824 Cir-

181 836 482 899 cuncisio.
563 836 1077 911 Quemadmodum
1119 856 1266 920 ergo
1309 835 1519 897 foedus
1555 856 1723 895 suum
1750 835 1913 896 Deus
1946 856 2077 895 cum
2103 834 2262 898 Isaac
2282 858 2439 900 non·

187 916 326 975 dum
365 925 504 974 nato
543 925 933 995 percusserat,
972 912 1106 994 quia
1143 930 1344 973 semen
1385 924 1511 973 erat
1544 910 1843 986 Abrahae,
1880 910 1964 971 sic
2000 910 2212 974 Petrus
2236 934 2439 975 omnes

185 990 536 1050 Iudaeorum
576 987 726 1050 filios
765 988 828 1049 in
870 989 1098 1050 eodem
1121 989 1366 1050 foedere
1415 988 1714 1051 contineri
1766 988 1979 1065 docet,
2026 988 2167 1069 quia
2210 1010 2441 1072 semper

185 1068 382 1151 vigeat
419 1066 560 1126 illud
579 1088 598 1124 z
637 1065 760 1127 Ero
799 1066 968 1125 Deus
1004 1066 1242 1126 seminis
1269 1065 1477 1126 -vestri.
2292 1123 2295 1124 γ

333 1142 418 1202 Et
447 1145 526 1202 iis
555 1146 660 1222 qus·
693 1156 830 1201 simi
853 1143 1086 1219 proed.
1165 1141 1393 1203 Ultimo
1435 1142 1571 1203 loco
1610 1141 1993 1203 nominantur
2018 1140 2267 1217 Gentes,
2293 1162 2440 1222 quae

181 1219 1462 1359 35²⁸..S¹²‘i.5²..⁰‘·.¹2:2⁰‘55·;.ff.2'¹¹·.⁹¹⁰31.³1‘¹
1498 1218 1755 1355 ἶέἒέὶῗ
1792 1218 2093 1357 ’ἕξῖῗέἓ
2139 1221 2439 1357 εέἰῖἷιὲἑιῒ

177 1377 392 1455 Neque
433 1316 728 1434 cnimglhiqc
763 1316 1074 1455 agitnrgde
1113 1318 1384 1433 lomi-iim
1422 1372 1698 1434 distantia
1734 1338 1837 1433 scd
1876 1373 2187 1433 discrimen
2228 1342 2441 1435 Petrus

179 1462 352 1513 notat
391 1452 551 1511 inter
588 1448 844 1510 Iudaeos
885 1461 946 1509 et
985 1448 1235 1525 Gentes,
1276 1449 1436 1529 quod
1475 1449 1708 1541 priores
1744 1448 1883 1509 Deo
1925 1449 2232 1510 coniuncti
2273 1462 2442 1512 erant

179 1528 418 1589 ratione
457 1526 736 1603 foederis,
775 1526 1044 1607 adeoque
1085 1526 1210 1586 eius
1247 1526 1584 1587 domesticis
1626 1524 1855 1586 Gentes
1891 1536 2083 1586 autem
2108 1526 2442 1587 exsulabant

177 1604 253 1667 ab
295 1604 353 1665 ei
397 1626 426 1665 s
463 1624 674 1685 regno.
749 1602 972 1664 Eadem
1033 1601 1394 1684 loquutione
1438 1602 1627 1664 utitur
1667 1601 1883 1663 Paulus
1924 1604 1997 1662 ad
2040 1602 2195 1684 Eph.
2233 1612 2293 1680 2,
2323 1612 2439 1681 11„

179 1627 396 1759 Quot?¹
407 1702 586 1761 quum
629 1678 856 1740 Gentes
895 1678 1124 1741 alienae
1183 1692 1378 1741 essent
1438 1702 1469 1741 a
1526 1678 2051 1773 promissionibus,
2110 1702 2269 1768 nunc
2318 1698 2441 1763 'per

179 1759 490 1821 Christum
525 1756 665 1818 Deo
716 1776 746 1815 a
791 1756 1008 1837 propin
1095 1754 1340 1818 πίε-ἰοὶ.
1420 1756 1582 1832 Quia
1606 1756 1892 1837 *Christus
1944 1757 2135 1817 diruta
2185 1760 2439 1819 maceria

173 1848 467 1915 utrosque
500 1776 910 1924 reconciiiavit
946 1833 1030 1893 Pa
1048 1834 1134 1926 Ji,
1172 1846 1233 1894 et
1268 1833 1516 1894 veniens
1553 1833 1921 1894 annuntiavit
2004 1842 2165 1926 ace-in
2205 1835 2295 1897 his
2335 1836 2437 1917 qui

237 1918 752 2051 ,ἕῖιῖἓιῗῖἕηῗ
813 1909 1381 2069 ἓέῗωῗῗωξῖἕέῗῗὲ,
1424 1910 1961 2048 ἒῖἳὲἕξὲεἳῗεε
2000 1922 2438 2069 Ξῗρΐῶἳξθῗί

175 2064 412 2127 Gentes
449 2082 690 2144 quoqne
765 2082 870 2123 ore
919 2077 1229 2125 consortes
1280 2064 1455 2124 dicat.
1542 2063 1707 2123 Ideo·
1750 2063 1941 2125 utitur
1984 2063 2173 2125 verbo
2231 2066 2434 2126 Advo-

149 2142 372 2215 .candi,
420 2140 539 2201 acsi
579 2140 834 2200 diceret:
888 2140 1400 2219 Quemadmodum
1444 2152 1551 2201 vos
1602 2141 1761 2221 prius
1808 2141 1871 2201 in
1921 2158 2105 2203 uuum
2152 2136 2435 2227 populum

173 2241 280 2281 sua
313 2236 464 2280 voce
503 2216 751 2299 collegit
783 2216 983 2290 Deus,
1022 2217 1106 2277 ita
1139 2238 1254 2277 vox
1293 2218 1498 2278 cadem
1538 2216 1640 2278 ubi
1729 2238 1761 2279 e
1800 2218 2174 2299 personabit,
2225 2232 2292 2280 ut
2332 2221 2436 2299 qni

175 2295 392 2358 remoti
437 2305 612 2371 sunt,
663 2294 734 2355 ad
777 2314 892 2355 vos
935 2294 1252 2372 accedant,
1299 2293 1405 2355 ubi
1454 2315 1611 2360 novo
1712 2295 1771 2355 ei
1828 2294 2027 2358 edicte
2074 2292 2300 2358 fuerint
2338 2316 2435 2358 ac-

173 2374 395 2436 cersiti.
421 2403 432 2416 ·

345 2577 451 2644 40.
508 2571 814 2654 Pluribus
866 2580 1058 2644 etiam
1115 2576 1260 2642 aliis
1313 2575 1723 2644 sermonibus
1770 2575 2151 2642 testificatus
2198 2587 2299 2643 est
2349 2589 2438 2644 at-

171 2699 308 2770 que
365 2678 668 2755 hortatus,
721 2677 979 2747 dicens:
1037 2679 1398 2744 Servamini
1464 2701 1501 2742 a
1569 2679 1993 2772 generatione
2048 2675 2172 2748 hac
2218 2701 2437 2767 prava.

167 2781 278 2846 41.
321 2779 458 2866 Qui
503 2799 656 2864 ergo
700 2777 985 2862 libenter
1025 2777 1302 2864 amplexi
1344 2789 1495 2844 sunt
1532 2781 1896 2846 sermonem
1929 2781 2085 2858 eius,
2123 2767 2441 2868 baptizati

165 2891 354 2947 sunt:
400 2891 467 2947 et
507 2879 769 2950 additae
809 2891 960 2948 sunt
1001 2879 1110 2945 die
1153 2878 1264 2944 illa
1303 2883 1553 2946 animae
1594 2883 1851 2946 circiter
1905 2881 2011 2947 ad·
2044 2881 2164 2948 tria
2216 2880 2435 2948 millia.

163 2984 279 3048 42.
331 2983 538 3047 Erant
575 2994 788 3047 autem
829 2979 1326 3067 perseverantes
1383 2984 1453 3046 in
1495 2975 2329 3069 doctrinesApostolorum,
2371 2992 2453 3048 et·

165 3085 773 3168 communicatione,
815 3093 880 3148 et
919 3081 1236 3148 fractione
1278 3085 1482 3170 panis,
1526 3092 1595 3172 et
1634 3081 1951 3170 precibus.

323 3237 418 3298 40.
494 3227 778 3296 Pluribus
811 3228 1182 3290 στίφηηῑὶὶε.
1270 3230 1451 3306 Quan
1500 3251 1631 3292 uam
1694 3231 1755 3290 in
1810 3229 1899 3292 his
1955 3251 2105 3312 quae
2152 3230 2436 3292 hactenus

163 3305 496 3384 habuimus,
536 3326 662 3368 non
700 3306 906 3370 retulit
940 3307 1332 3368 Lucas'Petri
1371 3253 1585 3383 ver‘lm,
1622 3307 1728 3368 sed
1775 3319 2003 3368 tantum
2056 3308 2246 3388 capita
2296 3307 2434 3368 bre-

161 3384 326 3444 viter
348 3384 576 3466 attigit:
617 3397 847 3444 rursum
885 3395 1082 3444 tamen
1123 3383 1218 3443 bic
1257 3385 1556 3459 admonet,
1594 3383 1841 3444 Petrum
1880 3407 2002 3444 non
2042 3385 2295 3468 simplici
2321 3406 2433 3446 nu-

159 3460 362 3540 daque
401 3459 674 3524 doctrina
711 3481 884 3529 usum
933 3479 1088 3535 esse,
1136 3460 1236 3520 sed
1288 3461 1577 3522 addidisse
1624 3459 2098 3521 exhortationum
2148 3461 2434 3523 stimulos.

155 3538 246 3596 Et
285 3537 640 3598 nominatim
681 3537 970 3620 exprimit,
1009 3536 1256 3597 multum
1295 3537 1578 3599 institisse
1616 3537 1679 3598 in
1719 3537 1871 3597 hanc
1910 3551 2155 3618 partem.
2250 3537 2433 3614 Quod

155 3614 314 3675 dicit
353 3611 650 3675 hortatum
690 3626 752 3674 et
788 3613 1168 3688 obtestatum,
1208 3613 1269 3674 in
1313 3636 1384 3675 co
1426 3614 1855 3675 vehementiam
1894 3627 2087 3674 notat.
2144 3617 2297 3677 Nam
2338 3638 2433 3677 er-

155 3689 406 3750 roribus
453 3692 728 3772 protinus
779 3691 1109 3752 valedicere
1150 3691 1362 3771 quihus
1402 3691 1635 3772 pridem
1678 3692 1909 3751 fuerant
1947 3691 2191 3764 imbuti,
2242 3705 2301 3754 et
2341 3715 2434 3754 sa-

155 3766 478 3828 cerdotnm
518 3767 832 3850 imperium
871 3768 1130 3830 abiicere
1173 3765 1268 3828 cui
1308 3766 1703 3841 assueverant,
1742 3788 1865 3827 non
1908 3780 2022 3828 tam
2072 3768 2248 3831 facile
2290 3782 2434 3845 crat,

151 3842 646 3928 violenter-ergo
684 3844 759 3907 ab
800 3845 914 3908 hoc
953 3844 1081 3905 luto
1127 3844 1280 3924 eripi
1318 3845 1607 3928 oportuit.
1672 3845 1913 3906 Summa
1953 3858 2150 3906 autem
2191 3846 2323 3921 suit,
2367 3856 2433 3905 ut

153 3919 280 3981 sibi
321 3933 599 3982 caverent
639 3943 674 3982 a
712 3923 1098 4006 generatione
1135 3943 1325 4004 prava.
1403 3923 1615 4004 Neque
1666 3921 1823 3982 enim
1876 3921 2099 3984 Christi
2142 3943 2265 3982 esse
2317 3943 2433 4004 po:-

151 4007 378 4072 terant,
417 3998 536 4059 nisi
577 3997 951 4060 discederent
1000 4020 1033 4059 a
1075 3997 1360 4080 professis
1416 3999 1541 4060 eius
1592 3997 1880 4060 hostibus.
1970 3999 2320 4060 Sacerdotes
2352 4008 2430 4058 ‘et

151 4073 415 4134 Scribae
449 4095 690 4138 mmma.
723 4076 1075 4140 auctoritate
1121 4090 1246 4136 tum
1297 4073 1628 4158 pollebant,
1690 4087 1750 4136 ct
1838 4097 1974 4136 uum
2023 4085 2433 4156 praetexerent

145 4149 465 4212 Ecclesiae
502 4151 738 4226 larvam,
775 4152 1076 4214 faciebant
1113 4153 1310 4213 fucum
1349 4152 1733 4244 simplicibus.
1870 4173 1947 4212 oc
1988 4169 2262 4234 magnum
2304 4161 2430 4212 erat

147 4227 650 4308 impedimentum
697 4219 881 4312 pleris
923 4249 1035 4304 ue,
1084 4249 1165 4290 ne·
1211 4229 1285 4290 ad
1335 4229 1639 4292 Christum
1686 4229 2055 4289 accederent.
2128 4227 2433 4290 ‘Poterant

145 4305 338 4365 etiam
381 4303 482 4365 alii
517 4305 820 4382 vacillate,
858 4327 890 4366 a
917 4306 959 4366 ii
999 4327 1032 4368 a
1071 4317 1232 4367 recta
1269 4303 1386 4366 fide
1428 4305 1697 4367 deficere.
1776 4305 1990 4364 Petrus
2032 4305 2111 4363 ita
2159 4323 2232 4363 ue
2271 4301 2431 4385 ipsos

143 4383 614 4464 generationem
653 4385 890 4464 pravam
931 4401 1058 4448 esse
1094 4393 1300 4463 aperte
1349 4381 1629 4458 declarat,
1676 4393 1981 4457 utcunque
2031 4397 2095 4441 se
2186 4379 2433 4440 eclesiae
2486 4447 2495 4456 ο
