2788 4713
393 277 472 341 78
1177 266 1264 326 IN
1301 263 1527 330 ACTA
1563 252 1855 328 APOST.
1912 209 1923 220 ‘

396 427 521 479 tum
571 413 698 477 erat
735 412 856 472 eius
895 419 1172 503 regnum,
1233 419 1300 472 ut
1337 410 1505 490 regni
1546 409 1767 472 Christi
1812 409 2006 493 imago
2046 409 2235 487 foret,
2282 431 2407 474 non
2446 411 2653 474 haeret

399 492 592 556 David
627 493 687 551 iu
729 487 933 548 uuibra
969 507 1115 567 ipsa,
1151 487 1548 552 sed.solidum
1584 508 1799 568 corpus
1839 487 2255 579 apprehenditx
2296 490 2416 550 imo
2456 490 2651 583 spiri-

397 583 490 634 tus
526 579 779 638 sanctus,
816 575 882 624 ut
917 583 1056 625 vere
1097 563 1187 625 hic
1229 574 1503 644 repetunt
1541 563 1833 644 Apostoli,
1886 562 2186 647 ridiculam
2239 565 2442 626 mundi
2492 589 2653 628 msa-

397 649 556 710 niam
596 647 864 726 exagitat,
903 640 1064 722 quod
1103 640 1312 700 audeat
1350 654 1593 721 regnum
1636 639 1859 701 Christi
1899 641 2084 701 aDeo
2125 641 2445 703 stabilitum
2483 643 2653 704 inva-

399 726 571 797 dere,
632 732 750 780 tam
798 722 856 778 iu
905 737 1158 799 persona
1206 715 1475 788 navidis,
1542 735 1714 796 quam
1758 715 1977 778 Christi
2028 718 2223 798 ipsius.
2300 719 2407 798 Est
2454 731 2654 780 autem

397 801 540 862 baec
579 797 780 857 eximia
822 793 1169 866 consolatio,
1217 791 1376 871 quod
1442 792 1580 851 dum
1645 791 1951 854 militamus
1988 794 2128 855 -sub
2178 813 2367 876 regno
2428 796 2653 858 Christi

399 877 592 938 Deum
651 885 806 934 stare
879 893 910 930 a
972 881 1136 952 parte
1194 880 1397 958 postra
1468 868 1746 960 audimus.
1837 871 2047 961 .ffl⁰?-
2090 871 2461 932 statuendum
2542 885 2655 949 est,

393 964 694 1032 utcunque
769 966 972 1008 omnes
1049 945 1314 1005 hommes
1404 967 1611 1006 summi
1698 957 1760 1006 ct
1834 945 2020 1006 infimi
2121 948 2297 1028 impia
2388 961 2453 1008 et
2538 969 2655 1010 ne-

394 1029 538 1091 faria
577 1048 720 1088 cons
762 1024 1011 1084 iratione
1049 1041 1298 1104 regnum
1335 1021 1455 1082 hoc
1490 1041 1527 1083 ο
1612 1032 1869 1104 uguent,
1918 1023 2064 1084 nihil
2096 1035 2296 1083 tamur
2346 1025 2657 1106 prosectu-

394 1127 511 1167 ros.
591 1045 761 1178 Quis
795 1099 951 1160 enim
989 1099 1438 1190 ¹⁰²⁸?.3¹¹¹¹¹¹.‘¹¹¹⁸
1477 1117 1507 1158 a
1573 1045 1817 1160 ¹iheum?
1856 1099 1977 1159 Sed
2017 1098 2131 1160 hoc
2161 1101 2354 1180 primo
2380 1101 2516 1162 loco
2543 1103 2655 1163 ha-

393 1181 652 1244 bendum
692 1189 798 1252 est,
834 1175 1028 1236 Deum
1069 1173 1206 1235 Filu
1243 1195 1332 1234 sui
1369 1195 1649 1258 regnum,
1698 1175 1860 1236 cuius
1900 1187 1989 1237 est
2028 1187 2265 1252 auctor,
2311 1177 2467 1238 tueri
2506 1199 2655 1260 per-

393 1272 576 1342 petuo
615 1252 786 1328 velle,
823 1264 891 1310 ut
925 1251 1215 1332 possimus
1249 1249 1591 1312 inviolabile
1642 1251 1765 1310 eius
1816 1252 2113 1313 decretum
2150 1271 2471 1336 ‚opponere
2534 1256 2655 1316 ho-

393 1336 615 1399 minum
664 1328 1008 1390 temeritati:
1059 1337 1126 1386 nt
1171 1347 1374 1388 manus
1428 1329 1549 1388 eius
1597 1329 1891 1409 praesidio
1930 1329 2101 1406 freti,
2151 1349 2275 1390 non
2315 1329 2654 1393 dubitemus

395 1429 598 1471 omues
635 1405 892 1484 ,quamvis
929 1404 1224 1466 terrificos·
1253 1403 1559 1465 hominum
1600 1416 1907 1484 apparatus
1944 1425 2242 1486 spernere.
2324 1407 2402 1466 Et
2438 1408 2653 1470 sedulo

394 1478 1687 1620 “pff-'1¹³1‘3332'220'2‘33&fmffld‘ssssiffa
1706 1482 2652 1620 ἶξὲἶὶἱζἕίῗὲῗῗῖἓ,,““ἔ.ῗ.“ἱ.ἶ’«ἷέἰέ“ῑΡΜ*ς

393 1583 791 1732 ἓῗιῗιῗξιιρὸςεῑ
829 1633 1091 1696 Psalmus
1129 1579 1413 1694 staturiim
1451 1633 1642 1726 invitis
1683 1633 1949 1726 hostibus
1988 1651 2113 1695 esse
2134 1583 2663 1727 Qhrisfi‘reggfnfflss

391 1714 560 1851 {22⁰¹
583 1711 986 1872 ιἰἳῗιΐῖιῖἓὲξ
1029 1709 1655 1878 ἐἳὲξῖἱςῖῗῖῗὲἔὲῗζ
1686 1722 2353 1878 ’ἒῖἱιῧῖιὶῗιῖυὲἔῗὲῗ
2369 1733 2650 1871 933?ss.ss

459 1888 539 1960 up
576 1864 865 1960 significat
903 1881 1106 1999 omndes
1133 1864 1381 1999 ..ordines
1420 1862 1679 1922 infensos
1719 1863 1990 1998 ¹¹¹3·f⁰rl³
2054 1866 2194 1998 ἕεις
2246 1866 2458 1958 mirum
2552 1873 2651 1930 uia

389 1945 536 2104 3:1¹1?
551 1961 967 2080 „223333222
991 1943 2357 2107 mssffzffissfflgztmfn⁵5223²0¹13³aq13355¹¹¹
2420 1943 2649 2082 223:ae

393 2117 538 2180 ergo
575 2115 792 2168 sumus,
830 2105 1126 2174 nunquam
1167 2093 1226 2152 in
1267 2092 1487 2152 mundo
1527 2091 1905 2170 tranquillum
1942 2092 2319 2157 fore-Christi
2358 2115 2645 2180 regnum:

391 2193 470 2235 ne
507 2172 612 2233 ubi
647 2169 1026 2254 pugnandum
1067 2168 1179 2231 erit
1236 2169 1401 2248 quasi
1436 2167 1505 2228 ad
1545 2187 1669 2226 rem
1704 2167 1998 2230 insolitam
2035 2170 2409 2250 trepidemus.
2458 2181 2465 2192 ‘

539 2253 636 2314 26.
709 2245 1016 2308 Adversus
1049 2243 1390 2322 Dameam,
1430 2259 1483 2304 et
1526 2240 1810 2304 cho-istum
1844 2249 1985 2304 eius.
2063 2247 2200 2307 Hoc
2237 2249 2421 2308 verbo
2460 2249 2647 2312 docet

257 2307 268 2316 ²
391 2325 678 2411 Spiritus,
717 2343 820 2385 eos
862 2342 1066 2385 omnes
1105 2323 1206 2405 qui
1231 2320 1485 2385 'Christo
1523 2319 1732 2389 subiici
1769 2331 2069 2398 recusant,
2110 2321 2333 2385 bellum·
2366 2324 2643 2390 adversus

391 2404 584 2465 Deum
605 2402 921 2494 suscipere,
993 2400 1132 2463 Hoc
1170 2400 1405 2491 quidem
1428 2399 1565 2493 ’ip-si
1603 2416 1779 2493 saepe
1818 2420 1939 2493 uon
1981 2400 2277 2482 cogitantz
2315 2402 2400 2463 sic
2436 2414 2641 2466 tamen

390 2500 486 2543 res
547 2479 752 2553 habet,
813 2498 946 2558 quta
983 2476 1146 2537 Deus
1207 2489 1445 2538 nonnisi
1506 2496 1567 2536 nu
1606 2474 1742 2535 Fnlu
1788 2498 1877 2536 sui
1912 2496 2167 2556 persona
2206 2492 2457 2561 regnare
2491 2480 2643 2557 vult,

389 2560 518 2618 eius
573 2556 882 2637 imperium
943 2576 976 2615 a
1039 2554 1211 2615 nobis
1273 2554 1491 2628 excuti,
1552 2552 1784 2645 quoties
1829 2574 2030 2614 sumus
2078 2553 2315 2615 Christo
2366 2554 2640 2618 rebelles.

383 2632 901 2711 Quemadmodum
925 2629 1566 2713 pronuntiatDominus
1582 2648 1705 2709 ipse
1726 2630 1880 2711 apud
1890 2628 2197 2706 Ioannem,
2218 2630 2371 2706 Quis
2414 2632 2499 2692 uis
2512 2654 2639 2694 non

257 2714 268 2721 “
387 2710 647 2771 honorat
683 2710 885 2782 filium,
921 2727 1114 2787 neque
1137 2718 1362 2799 patrem
1382 2706 1654 2769 honorat.
1709 2709 1911 2783 Quare
1936 2719 1995 2765 et
2014 2706 2219 2767 millies
2247 2729 2354 2787 pro
2399 2719 2641 2771 teantur

385 2786 751 2869 hypocritae,
789 2785 900 2845 sibi
939 2784 1085 2846 nihil
1121 2806 1311 2845 minus
1351 2804 1475 2844 esse
1512 2783 1574 2843 in
1613 2786 1841 2858 animo,
1881 2803 2053 2863 quam
2092 2784 2226 2843 Deo
2270 2784 2515 2845 bellum·
2542 2788 2639 2847 in-

387 2862 567 2936 ferre,
603 2862 861 2921 sentient
895 2859 1090 2919 Deum
1136 2860 1247 2919 sibi
1308 2860 1636 2940 professum
1697 2861 1925 2921 ho’stem
1990 2860 2099 2920 nisi
2150 2858 2451 2923 christum
2498 2882 2635 2923 cum

385 2958 492 2999 suo
554 2936 876 3018 Evangelio
937 2936 1378 3015 amplectantur.
1454 2936 1685 3019 Duplex
1747 2948 1836 2997 est
1894 2934 2061 2997 buius
2090 2934 2426 2997 ·doctrinae
2476 2928 2632 3002 usus.

385 3014 512 3075 Nos
564 3014 719 3073 enim
758 3011 1026 3073 adversus
1068 3032 1270 3072 omnes
1310 3014 1500 3072 carnis
1536 3022 1798 3073 terrores
1835 3012 2057 3087 munit,
2108 3014 2240 3093 quia
2278 3014 2516 3075 minime
2554 3016 2633 3077 ti·-

383 3088 664 3149 mendum
701 3101 819 3162 est,
861 3099 927 3146 ut
964 3088 1099 3147 Deo
1139 3088 1259 3147 sint
1302 3090 1635 3168 superiores
1691 3090 1791 3171 qui
1836 3090 2227 3171 Evangelium·
2266 3110 2427 3173 oppu
2512 3104 2635 3153 ant.

385 3164 606 3229 Rursus
645 3164 964 3226 cavendum
1005 3176 1094 3223 est
1129 3182 1206 3223 ne
1243 3163 1371 3244 piae
1410 3164 1717 3227 doctrinae
1754 3178 2102 3247 contemptu
2132 3166 2406 3229 adversus
2496 3187 2632 3231 eum

385 3242 704 3303 efferamur
736 3241 796 3300 in
837 3251 1094 3300 nostram
1175 3240 1469 3301 erniciem.
1542 3272 1557 3294 f

533 3322 629 3383 27.
711 3316 1102 3376 comma
1231 3314 1344 3377 Iunc
1375 3315 1533 3381 m-be.
1610 3318 1745 3379 Hoc
1804 3318 2143 3380 vaticinium
2180 3332 2408 3381 'eventu
2452 3318 2635 3382 fuisse

385 3392 834 3477 comprohatum
873 3393 1158 3468 referunt,
1195 3414 1313 3476 quo
1356 3394 1568 3456 certius
1604 3394 1667 3455 in
1706 3396 1829 3457 eius
1866 3396 2041 3457 fidem
2080 3396 2437 3457 recumbant.
2474 3397 2633 3457 Sen-

382 3493 479 3533 sus
519 3471 674 3531 enim
714 3480 821 3542 est,
857 3470 1116 3533 Domine
1152 3482 1220 3531 tu
1257 3472 1467 3549 dixisti,
1506 3484 1566 3534 et
1604 3492 1716 3533 nos
1752 3494 1818 3534 re
1864 3472 1987 3554 ipsa
2026 3474 2247 3553 experti
2295 3493 2489 3533 sumus
2524 3494 2631 3535 ve-

384 3568 514 3608 rum
566 3566 706 3608 esse.
785 3548 1090 3610 Revocant
1136 3559 1330 3612 autem
1379 3550 1442 3609 in
1478 3551 1822 3611 memoriam
1860 3550 2021 3629 quod
2059 3549 2448 3629 quadriennio
2488 3562 2627 3610 ante

381 3624 474 3685 vel
515 3623 748 3686 circiter
784 3636 1012 3707 gestum
1050 3625 1254 3686 fuerat.
1330 3623 1433 3686 Sic
1472 3646 1666 3686 rerum
1706 3644 1855 3707 quae
1892 3627 2219 3705 praedictae
2268 3638 2403 3687 sunt
2450 3646 2629 3686 even-

381 3712 476 3761 tus
524 3699 594 3760 ad
645 3700 782 3760 fidei
830 3714 1062 3769 nostrae
1101 3702 1606 3771 confirmationem
1646 3702 1935 3784 applicare
1972 3702 2276 3771 convenit:
2335 3702 2459 3764 sed‘
2491 3708 2625 3782 quia

379 3790 524 3839 tnnc
581 3776 760 3859 longe
793 3776 977 3837 aliter
1021 3778 1206 3838 videri
1253 3790 1487 3857 poterat
1535 3794 1628 3839 res
1681 3780 1932 3851 cessisse,
1972 3794 2145 3859 quam
2182 3778 2445 3839 Psalmus
2480 3800 2623 3859 pro-

383 3854 635 3929 nuntiet,
675 3854 906 3933 quando
947 3874 1070 3913 non
1107 3854 1322 3916 frustra
1357 3855 1691 3918 tumultuati
1730 3866 1896 3915 erant
1936 3854 2153 3931 hostes,
2195 3876 2305 3917 nec
2326 3856 2473 3916 irriti
2494 3856 2625 3915 fue-

382 3943 517 3991 rant
553 3951 756 3993 eorum
795 3932 1043 4011 impetus
1091 3931 1285 3991 occiso
1327 3931 1566 3994 Christo
1637 3942 1696 3991 et
1753 3950 1954 3991 eorum
2006 3932 2283 3992 violentia
2345 3930 2622 3992 sormida-

381 4006 486 4067 bili
541 4008 719 4067 modo
771 4006 986 4067 deinde
1021 4020 1284 4091 grassata
1324 4020 1479 4081 erat,
1558 4008 1670 4075 hoc
1705 4008 2037 4068 scandalum
2085 4020 2358 4067 avertunt
2402 4008 2623 4081 fideles,

381 4090 456 4147 a‘c.
487 4083 682 4147 hostes
721 4083 907 4145 nihilo
946 4082 1074 4165 plus
1111 4083 1374 4164 potuisse
1413 4085 1614 4145 dicunt
1653 4094 1821 4166 qua'm
1860 4084 2023 4145 Deus
2060 4095 2358 4147 statuerat.
2456 4084 2619 4165 Ergo

380 4172 558 4221 uteun
607 4181 679 4221 ue
719 4160 1032 4223 Christum·
1055 4172 1249 4221 morte
1289 4161 1634 4221 exstinctum
1681 4172 1958 4242 putarent
2001 4161 2162 4243 impii
2210 4182 2280 4221 ae
2330 4161 2445 4221 iam
2490 4161 2617 4219 ina-

379 4251 483 4296 nes
521 4184 632 4299 εἰῖἰ
668 4236 998 4320 triumphos
1037 4248 1346 4315 canerent,
1397 4237 1596 4297 fideles
1632 4248 1830 4299 tamen
1878 4249 2207 4321 agnoscunt
2254 4237 2467 4297 frustra
2521 4246 2620 4295 tu-

377 4312 692 4375 multuatos
731 4334 873 4377 esse.
950 4313 1262 4377 Caeterum
1310 4316 1516 4396 quaeri
1563 4326 1790 4396 potest,
1837 4334 1943 4376 cur
1978 4312 2207 4372 Gentes
2241 4324 2321 4373 ·et
2364 4308 2621 4407 populos

373 4386 557 4450 Israel
593 4392 884 4469 nominet,
920 4412 1098 4473 quum
1135 4412 1316 4454 unum
1356 4402 1509 4454 esset
1548 4411 1780 4473 corpus.
1855 4392 2013 4453 Puto
2052 4388 2149 4448 hic
2187 4396 2381 4451 notari
2418 4386 2619 4467 regio·-
