2788 4713
355 248 474 313 242
1181 232 1271 296 m
1309 231 1537 297 ACTA
1574 228 1862 293 APOST.

515 392 574 453 6.
653 385 854 462 Qum
885 382 1347 459 pora-missen.
1426 354 1729 439 Credibile
1766 384 1857 435 est
1902 390 2025 433 non
2066 370 2329 433 cai-uisse·
2381 390 2641 451 prorsus

369 465 567 527 fructu
602 462 762 523 hunc
808 459 1144 532 transitum,
1196 468 1260 517 et
1307 468 1470 517 certe
1518 475 1639 516 non
1688 452 1962 513 tacuisset
1998 448 2185 509 Lucas
2235 448 2307 508 de
2358 446 2641 530 generali

371 540 632 623 repulsa:
682 538 784 600 sed
822 536 958 597 satis
997 532 1204 596 habuit
1241 530 1468 606 dicere,
1528 549 1654 589 non
1704 528 1876 588 fuisse
1928 528 1993 587 in
2043 525 2255 585 itinere
2305 524 2377 583 ab
2418 524 2641 587 officio

375 616 628 679 docendi
669 613 938 687 feriatos,
986 608 1058 670 ad
1097 610 1400 672 historiam
1438 602 1873 668 memorabilem
1912 622 2238 684 properans
2277 621 2453 679 quam
2492 622 2644 663 mox

373 692 654 755 narrabit.
733 688 1046 755 Caeterum
1129 708 1266 747 uum
1307 682 1545 745 Salamis
1594 682 1655 740 in
1706 680 1881 740 litore
1932 676 2203 739 orientali
2248 678 2357 737 sita
2398 678 2641 757 Syriam

375 778 683 853 spectaret,
719 764 966 827 Paulum
1006 773 1068 822 et
1158 760 1451 833 amabam,
1492 768 1559 818 ut
1592 756 1855 837 Paphum
1896 756 2186 831 venirent,
2270 774 2335 813 er
2372 754 2639 813 mediam

375 845 619 908 insulam
681 842 798 902 iter
861 840 1055 902 facere
1105 836 1370 917 oportuit
1422 834 1493 895 ad
1543 834 1689 895 latus
1740 831 2093 913 oppositum.
2186 775 2337 891 hiim
2380 830 2641 911 'Paphus

373 921 518 983 urbs
553 916 838 981 maritima
877 926 1004 978 erat
1038 934 1234 976 versus
1273 910 1593 973 meridiem.
1672 909 1865 969 Porro
1906 928 2085 989 quum
2122 917 2251 968 tota
2286 904 2479 969 insula
2508 908 2643 966 Ve-

375 998 508 1061 neri
555 1018 746 1058 sacraa
767 1004 947 1069 esset,
1008 990 1316 1073 praecipua
1363 999 1562 1049 tamen
1614 985 1759 1047 idoli
1810 983 1977 1046 sedes
2025 995 2153 1045 erat
2188 982 2454 1064 Paphus,
2506 1002 2641 1063 quo

379 1096 470 1136 ma
516 1074 560 1135 is
599 1070 931 1135 admiranda
970 1081 1057 1128 est
1077 1066 1192 1127 Dei
1230 1065 1483 1139 bonitas,
1525 1064 1685 1144 quod
1708 1060 2010 1145 Evangelii
2046 1060 2137 1122 sui
2176 1058 2369 1119 lucem
2407 1060 2471 1119 in
2514 1072 2643 1119 tam

371 1152 482 1214 'foe
525 1172 614 1211 am
655 1170 719 1209 ac
759 1157 966 1206 tetram
1005 1142 1337 1235 speluncam
1379 1152 1692 1221 penetrare
1729 1136 1997 1199 voluerit.
2090 1136 2294 1212 Qualis
2336 1137 2495 1196 enim
2540 1136 2641 1199 in.-

377 1228 658 1309 tegritas,
697 1234 758 1282 et
796 1220 1101 1302 pudicitia,
1155 1230 1214 1278 et
1254 1218 1557 1291 honestas,
1622 1229 1682 1276 et
1718 1215 2106 1294 temperantia
2146 1214 2203 1272 in
2247 1233 2314 1273 ea
2352 1212 2505 1273 urbe
2550 1214 2643 1272 vi·-

381 1301 594 1387 guerit,
631 1299 930 1363 coniicere
969 1296 1106 1355 inde
1147 1294 1306 1367 licet,
1348 1294 1507 1374 quod
1548 1292 1759 1376 religio
1798 1281 2008 1352 incdlis
2044 1310 2325 1351 summam
2351 1289 2423 1350 ad
2450 1310 2643 1369 quae-

379 1381 464 1445 vis
503 1375 718 1459 probra
761 1385 820 1433 et
857 1372 1074 1453 flagitia
1115 1371 1411 1431 licentiam
1452 1369 1643 1430 dabat.

319 1510 322 1521 ,
531 1452 878 1513 Invenerunt
921 1444 1481 1525 pseudoprophetam
1525 1442 1824 1526 quendam.
1924 1440 2124 1519 Quum
2186 1462 2427 1523 prorsus
2478 1442 2643 1523 apud

381 1530 630 1592 Iudaeos
671 1538 948 1608 corrupta
988 1536 1138 1586 esset
1175 1523 1406 1609 religio,
1446 1544 1569 1585 non
1607 1522 1813 1585 mirum
1840 1533 1947 1597 est,
1985 1519 2033 1582 si
2070 1520 2142 1581 ad
2180 1519 2388 1579 multas
2428 1520 2645 1599 impias

381 1604 825 1689 superstitiones
863 1602 1082 1682 delapsi
1119 1601 1256 1661 sint.
1335 1599 1555 1677 Quum*
1578 1610 1772 1660 autem
1814 1598 2091 1659 hactenus
2131 1596 2377 1677 professi
2420 1608 2645 1669 essent,

381 1682 734 1767 peculiarem
771 1700 836 1741 se
875 1678 1166 1761 quendam
1192 1677 1387 1739 Deum
1431 1674 1649 1749 colere,
1687 1675 1985 1755 speciosus
2028 1673 2119 1734 hic
2161 1674 2271 1733 fuit
2308 1672 2381 1732 ad
2423 1671 2645 1732 sallen-

386 1762 523 1821 dum
546 1757 736 1831 color,
775 1778 952 1837 quum
991 1754 1180 1891 ignoti
1207 1754 1322 1813 Dei
1364 1774 1582 1813 nomen
1624 1752 1871 1811 licenter
1907 1760 2336 1832 praetexerent,
2372 1750 2477 1809 sed
2524 1748 2643 1809 hoc

381 1837 597 1897 mirum
635 1846 753 1907 est,
793 1852 1011 1913 quomo
1059 1852 1094 1890 o
1143 1848 1379 1912 gravem
1429 1841 1490 1889 et
1539 1828 1889 1910 prudentem
1928 1828 2117 1888 virum
2155 1826 2269 1886 suis
2354 1825 2643 1907 raestigiis

385 1930 598 1993 capere
645 1911 907 1991 potuerit
944 1906 1192 1989 Elymas.
1295 1906 1521 1967 Scimus
1578 1905 1733 1964 enim
1780 1904 2031 1965 Iudaeos
2090 1914 2233 1963 tunc
2323 1902 2475 1961 uisse
2526 1900 2645 1961 toti

387 1986 609 2050 mundo
633 2005 858 2059 exosos,
896 1983 1238 2064 praesertim
1259 2004 1401 2043 vero
1440 2002 1473 2043 a
1517 1982 1594 2041 ud
1616 1981 1915 2041 Romanos
1956 2001 2070 2040 una
2110 2000 2243 2040 cum
2278 1980 2421 2039 odio
2446 1990 2646 2039 extre-

386 2086 514 2125 mus
563 2056 943 2123 erat²eorum
995 2070 1384 2141 contemptus.
1493 2080 1585 2117 ain
1632 2048 1821 2116 Lucas
1875 2076 1994 2116 non
2048 2054 2175 2117 sine
2224 2076 2393 2116 causa
2445 2054 2645 2136 Sergii

387 2139 754 2223 prudentiam
796 2137 1008 2197 diserte
1037 2135 1429 2209 commendat,
1468 2154 1544 2193 ne
1568 2133 1696 2215 quis
1735 2132 2037 2193 stultitiam
2077 2134 2199 2193 eius
2237 2153 2305 2191 ac
2342 2130 2643 2191 levitatem

386 2227 558 2298 putet
591 2214 759 2297 mag-i
823 2213 1160 2293 imposturis
1201 2212 1376 2273 fuisse
1416 2210 1745 2271 obnoxiam.
1824 2208 2033 2269 Voluit
2091 2208 2314 2269 scilicet
2366 2209 2427 2268 in
2482 2209 2645 2269 claro

387 2291 633 2375 speculo
687 2289 1033 2366 ostendere,
1096 2310 1270 2370 quam
1331 2288 1570 2349 evanida
1615 2287 1691 2347 sit
1741 2297 1802 2347 et
1854 2285 2021 2346 nihili
2073 2287 2257 2347 carnis
2310 2285 2647 2368 prudentia,

393 2389 544 2452 quae
580 2367 698 2430 sibi
743 2390 776 2428 a
823 2379 939 2428 tam
993 2368 1190 2428 crassis
1233 2366 1483 2427 Satanae
1522 2363 1760 2424 fallaciis
1798 2384 2004 2425 cavere
2058 2363 2280 2442 nequit.
2360 2363 2437 2422 Et
2480 2375 2645 2422 certe

391 2445 496 2508 ubi
543 2464 670 2506 non
717 2443 874 2506 lucet
911 2443 1026 2504 Dei
1077 2443 1320 2516 veritas,
1379 2462 1499 2522 quo
1548 2461 1638 2500 ma
1685 2441 1729 2502 is
1776 2438 2044 2501 homines
2092 2457 2297 2520 sapere
2348 2439 2643 2514 videntur,

395 2543 470 2583 eo
509 2523 734 2603 turpius
773 2519 1089 2601 desipiunt:
1131 2520 1389 2580 videmus
1431 2539 1601 2600 quam
1668 2515 1815 2577 oeda
1852 2515 2331 2598 superstitionum
2371 2516 2645 2599 prodigia

393 2601 458 2662 in
497 2597 770 2682 gentibus
807 2597 1053 2658 maxime
1089 2597 1272 2658 acutis
1311 2608 1374 2656 et
1412 2595 1576 2656 omni
1601 2594 1904 2657 doctrinae
1942 2613 2163 2676 genere
2203 2592 2441 2654 excultis
2480 2613 2645 2685 gras-

395 2688 516 2738 sata
563 2675 707 2736 sint:
773 2694 918 2757 ergo
969 2694 1080 2734 nec
1132 2673 1441 2746 iudicium,
1502 2691 1613 2732 nec
1672 2670 1979 2752 prudentia
2020 2669 2131 2730 nisi
2167 2689 2200 2730 a
2236 2670 2357 2730 Dei
2394 2670 2643 2752 Spiritu.

396 2754 594 2832 Atque
635 2749 779 2811 baec
815 2751 962 2810 iusta
1003 2749 1118 2808 Dei
1157 2749 1304 2810 ultio
1345 2760 1433 2809 est
1474 2747 1531 2808 in
1574 2767 1777 2808 omnes
1814 2743 2179 2818 idololatras,
2209 2746 2295 2806 'ut
2332 2747 2392 2806 in
2435 2766 2645 2827 repro-

397 2828 540 2888 bum
575 2845 810 2887 sensum
846 2825 1044 2886 traditi
1081 2824 1226 2885 nihil
1267 2825 1613 2886 discernant.
1662 2825 1834 2885 Rom.
1856 2831 1913 2897 1,
1950 2829 2043 2888 28.
2122 2823 2479 2903 Quanquam
2519 2824 2647 2883 fieri

355 2969 362 2975 ,
399 2914 616 2984 potest,
653 2902 722 2962 ut
755 2913 1019 2968 veterum
1057 2902 1537 2980 superstitionum
1572 2901 1769 2960 taedio
1810 2899 2049 2982 Sergius
2071 2899 2287 2960 Paulus
2326 2899 2399 2958 ad
2421 2899 2645 2980 -purioa

397 2999 524 3038 rem
571 2975 688 3039 Dei
749 2976 968 3036 cultum
1027 2976 1142 3035 iam
1201 2987 1344 3038 tunc
1392 2977 1757 3057 aspiraverit,
1860 2997 1995 3036 uum
2043 2975 2251 3036 incidit
2298 2975 2359 3035 in
2410 2995 2647 3058 magum

397 3052 591 3112 illum:
632 3051 843 3131 quodsi
880 3051 1220 3130 recipimus,
1271 3051 1613 3112 admirabile
1648 3071 1788 3113 sane
1880 3052 1935 3111 ei
1974 3049 2253 3113 iudicium
2294 3051 2435 3124 suit,
2481 3052 2645 3134 quod

399 3127 700 3188 hominem
761 3127 863 3207 pio
915 3126 1206 3188 desiderio
1267 3127 1543 3188 affectum
1590 3141 1786 3206 passus
1834 3130 1913 3190 sit
1966 3129 2026 3189 in
2087 3126 2345 3190 exitiiiles
2392 3129 2647 3190 Satanae

227 3264 232 3274 ,
336 3235 344 3242 ·
404 3202 696 3284 decipulas
732 3223 796 3264 se
833 3204 1142 3284 proiicere.
1230 3203 1348 3264 Sed
1389 3203 1609 3265 electos
1648 3225 1784 3264 suos
1822 3205 2117 3264 interdum
2156 3205 2238 3267 sic
2274 3205 2441 3266 Deus
2481 3226 2649 3266 exer-

403 3292 520 3356 cet,
561 3291 628 3340 ut
647 3283 1002 3362 circumagat
1038 3299 1146 3361 per
1167 3280 1356 3342 varios
1381 3299 1635 3355 errores,
1676 3292 1987 3364 antequam
2018 3281 2079 3342 in
2120 3281 2267 3342 viam
2302 3280 2644 3363 dirigantur.

556 3361 612 3422 7.
674 3347 1092 3449 Quoia-utem
1118 3356 1356 3448 Sergius
1379 3354 1833 3449 [halus-melius
1871 3357 2089 3449 aliquid
2128 3369 2645 3449 appetam-quani

389 3431 568 3512 ,qnod
625 3453 658 3493 a
717 3445 972 3513 pueritia
1019 3433 1329 3507 didicerat,
1389 3432 1707 3495 infeliciter
1767 3435 1838 3496 ad
1891 3434 2141 3495 diversas
2200 3447 2647 3514 superstitiones

403 3519 623 3598 tractus
663 3507 858 3599 suerit,
899 3509 1034 3569 inde
1071 3509 1354 3586 coiiiicio,
1396 3510 1555 3590 quod
1594 3510 1835 3570 Paulum
1875 3522 1939 3570 et
1973 3508 2303 3570 Barnabam
2340 3507 2501 3571 ultro
2538 3509 2647 3570 sibi

405 3595 660 3721 ²⁰⁰3}ss
687 3595 930 3722 {2533
931 3607 1219 3724 133thae
1223 3585 2229 3726 ⁶⁸ffi‘g⁰e.{i¹ssss⁰³e.¹{2?52¹rissi
2265 3587 2647 3724 {³⁰3¹}sp

409 3681 516 3827 ξῗιιί,
549 3737 612 3796 in
651 3736 867 3799 Iudaea
902 3684 1557 3821 {olebitunqcupiebgt
1594 3761 1661 3800 ex
1699 3741 1823 3800 eins
1862 3738 2047 3800 verbo
2090 3685 2395 3820 pur-amsii
2430 3685 2647 3800 σει-ἕξ

407 3813 640 3894 pietatis
679 3813 938 3894 regulam
976 3835 1362 3898 cognoscere:
1401 3817 1643 3898 gustatis
1680 3815 2012 3896 pseudopro
2058 3815 2229 3877 hetae
2268 3814 2487 3876 delii-iis
2522 3837 2647 3876 sus-

409 3911 623 3971 pensus
663 3887 884 3951 haeret.
955 3891 1081 3952 Nec
1113 3891 1350 3954 dubium
1381 3905 1487 3966 est,
1526 3891 1669 3972 quin
1705 3889 1983 3954 sollicitet
2075 3913 2177 3956 eus
2218 3892 2343 3954 eius
2368 3891 2647 3964 animum,

409 3986 489 4027 ne
525 3965 586 4027 in
626 3967 878 4028 vanitate
969 3987 1164 4028 roi-sus
1211 3970 1567 4049 acquiescat,
1613 3969 1865 4048 quamvis
1914 3987 1977 4030 se
2023 3969 2096 4032 ad
2144 3981 2377 4050 tempus
2420 3968 2648 4032 homini

406 4041 684 4124 improbo
725 4043 902 4104 fallen
945 4066 1038 4103 um
1077 4045 1460 4124 permitteret.

547 4123 619 4210 Ι8.
693 4121 976 4180 Ami-em
1007 4119 1417 4182 Precor-sulm
1447 4117 1675 4200 nfide-
1761 4121 1901 4183 Non
1940 4121 2153 4182 mirum
2192 4132 2309 4196 est,
2357 4121 2407 4184 si
2456 4119 2644 4182 lucem

409 4191 1002 4336 ἷὲξὲὼιῖἓαῑῖοὲἓῗεῖ
1041 4207 1348 4336 cmiii
1359 4196 2355 4336 ⁹..{¹“.⁸..1⁵‘{{¹.¹,t.²..‡53⁶3‘321·⁸¹²²³
2396 4198 2645 4333 ·‘¹}⁸‘²‘¹“”

409 4359 546 4408 suos
581 4347 839 4420 vendere
881 4351 1044 4418 soliti
1081 4343 1290 4431 quibis
1334 4359 1583 4433 possunt
1628 4348 1850 4415 artibus
1898 4359 1961 4412 et
2006 4295 2271 4414 salalaciii'
2294 4295 2645 4431 3953ss
