2788 4713
1302 124 1317 159 t

987 266 999 279 ·
1087 260 1367 345 capnr
1401 260 1542 322 m
2337 268 2454 331 123

150 415 260 483 32.
317 414 475 499 Ego
530 434 673 479 sum
712 410 895 479 Deus
948 400 1211 479 Pa'trum
1259 419 1553 488 tuorum,
1615 410 1800 479 Deus
1857 409 2212 491 Abraham,
2261 410 2448 505 Deus

152 518 367 595 Isaac,
414 523 484 579 et
523 513 708 579 Deus
745 510 961 580 Iacob.
1046 511 1492 579 Tremefactus
1545 520 1756 577 autem
1797 512 2018 579 Moses
2067 536 2204 600 nou
2247 514 2446 581 aude-

150 616 281 683 bat
328 613 673 681 accedere.
750 614 855 681 33.
895 614 1074 680 Dixit
1128 624 1341 679 autem
1394 609 1496 677 illi
1539 613 1888 681 Dominus:
1943 614 2141 681 Solve
2197 616 2446 684 calcea-

152 727 467 783 mentum
509 714 741 803 pedum
784 725 1064 781 tuorum.
1104 716 1321 780 Locus
1364 716 1556 792 enim,
1585 715 1653 779 in
1686 736 1820 802 quo
1843 724 1987 793 stas,
2025 724 2196 780 terra
2222 730 2442 785 sancta

164 824 297 883 est.
380 816 483 881 34.
532 814 845 883 Videndo
896 812 1035 881 vidi
1088 814 1504 881 afflictionem
1548 814 1781 901 populi
1831 817 1960 879 mei
2012 817 2082 879 in
2125 816 2444 907 Aegypto,

175 926 253 983 et
298 920 591 1002 gemitum
650 938 876 983 eorum
934 914 1185 993 audivi,
1252 925 1318 980 et
1374 914 1688 982 descendi
1737 914 1823 983 ad
1877 910 1994 983 eos
2043 914 2442 987 liberandos.

178 1016 272 1083 Et
314 1038 487 1083 nunc
523 1020 697 1097 veni,
736 1019 991 1083 mittam·
1016 1026 1083 1082 te
1122 1016 1193 1082 in
1232 1016 1622 1103 Aegyptum.

328 1171 424 1231 30.
498 1161 779 1242 Εςφῖειίε
826 1166 1003 1225 annis
1047 1160 1458 1243 quadraginta.
1545 1163 1636 1225 Ut
1679 1162 1862 1225 bomo
1914 1176 2040 1227 erat
2089 1186 2212 1227 non
2259 1176 2353 1227 stu
2395 1166 2444 1227 i-

174 1240 285 1302 dus
330 1242 559 1317 Moses,
610 1242 793 1303 cuivis
841 1251 1107 1304 nostrum
1160 1240 1458 1301 coniicere
1505 1251 1845 1321 promptum
1885 1255 2004 1319 est,
2053 1264 2224 1323 quam
2263 1240 2475 1305 muta'

168 1317 259 1379 illi
296 1318 360 1382 in
399 1332 665 1379 mentem
705 1318 909 1380 venire
946 1316 1253 1398 potuerint
1302 1316 1373 1377 ad
1425 1316 1888 1379 labefactandam
1934 1320 2264 1382 vocationis
2311 1342 2449 1382 suae

170 1393 371 1457 fidem.
452 1394 769 1478 captiosae
806 1406 944 1456 sunt
982 1394 1237 1457 Satanae
1287 1404 1471 1456 artes=
1521 1415 1630 1458 nos
1677 1396 1750 1455 ad
1801 1396 2186 1458 diffidentiam
2237 1410 2448 1459 natura

170 1470 303 1553 plus
344 1493 523 1552 quam
563 1488 676 1553 pro
722 1472 867 1545 ensi‚
905 1490 1291 1551 quaecunque
1342 1470 1418 1529 de
1465 1465 1652 1531 verbo
1691 1471 1809 1531 Dei
1861 1470 2162 1555 obrepunt
2215 1473 2450 1537 dubita-

168 1548 373 1609 tiones
413 1547 587 1609 facile
625 1570 657 1609 a
702 1548 1001 1609 mittimus.
1076 1548 1240 1609 Dura
1278 1547 1562 1621 mutatio,
1611 1558 1682 1607 ‘ex
1719 1547 1920 1611 aulicis
1961 1550 2180 1613 deliciis
2227 1564 2290 1613 et
2325 1555 2446 1615 vita

170 1625 488 1705 splendida
526 1625 598 1686 ad
636 1625 941 1687 sordidum
974 1636 1036 1685 et
1056 1622 1422 1686 laboriosum
1445 1624 1723 1705 pascendi
1741 1646 1950 1687 munus
1975 1627 2238 1691 detrudi:
2277 1651 2449 1711 prae-

170 1702 383 1763 sertim
440 1722 587 1762 vero
638 1724 819 1781 quum
867 1714 987 1761 tam
1039 1701 1283 1783 longum
1321 1702 1606 1783 temporis
1643 1703 1896 1781 spatium
1937 1703 2184 1765 effluere
2221 1708 2452 1769 videret

168 1778 397 1853 Moses,
436 1778 663 1839 interea
700 1778 765 1840 in
802 1776 1184 1839 solitudinem
1222 1778 1538 1859 relegatus,
1661 1779 1720 1839 id
1754 1790 2014 1841 statuere
2037 1782 2198 1843 aliud
2229 1782 2452 1865 potuit,

173 1856 290 1917 nisi
341 1856 520 1917 inane
566 1876 639 1916 ac
676 1855 963 1917 lusorium
1004 1854 1199 1915 fuisse·
1232 1856 1393 1935 quod
1443 1855 1528 1917 illi
1566 1800 1734 1917 mus
1780 1856 2164 1937 promiserat?
2241 1862 2450 1937 Quum

174 1931 1698 2090 {3¹:213²⁰55312‘2220‘‘23253325130223035321‘
1711 1946 2158 2073 130530'3532‘
2207 1939 2452 2077 {¹¹⁸5ssss

178 2086 347 2147 Haec
396 2086 637 2167 piorum
685 2086 1002 2145 certamina
1044 2086 1271 2147 assidue
1308 2087 1580 2147 meditari
1615 2085 1764 2147 utile
1805 2098 1924 2163 est,
1976 2036 2450 2153 donecpmliemo-

178 2162 303 2223 riae
340 2175 581 2226 nostrae
620 2163 853 2243 penitus
892 2161 1183 2223 insideant
1228 2182 1307 2223 ne
1344 2162 1643 2225 labascant
1691 2164 1903 2240 animi,
1949 2164 2000 2225 si
2049 2168 2287 2246 quando
2338 2187 2450 2233 uos
2478 2208 2492 2217 ·

179 2238 402 2301 diutius
440 2258 619 2320 quam
664 2258 777 2331 pro
830 2238 981 2300 votis
1028 2240 1242 2299 nostris
1288 2250 1602 2321 suspensos
1639 2240 1934 2302 Dominus
1984 2254 2204 2304 teneat.
2295 2245 2451 2306 Rur-

175 2338 312 2377 sum
349 2316 413 2376 in
454 2336 529 2378 eo
568 2316 800 2398 insigne
838 2314 1163 2376 modestiae
1202 2316 1622 2378 documentum
1675 2316 1796 2378 edit
1834 2318 2066 2394 Moses,
2117 2320 2278 2401 quod
2315 2334 2450 2386 toto

180 2393 538 2454 intermedio
586 2405 860 2474 tempore
910 2413 1033 2453 non
1081 2395 1323 2474 satagit,
1366 2414 1478 2454 nec
1523 2394 1812 2454 tumultus
1864 2395 2155 2471 concitat,
2225 2401 2337 2459 nec
2377 2403 2450 2460 ‘se

184 2469 319 2530 ullo
366 2470 545 2530 modo
596 2469 810 2552 ingerit
848 2469 919 2530 ad
958 2471 1366 2558 occupandum
1409 2470 1802 2551 principatum
1841 2480 1910 2530 nt
1945 2490 2074 2530 mos
2115 2483 2204 2532 est
2240 2473 2452 2535 turbu-

182 2544 365 2606 lentis
404 2543 751 2620 bominibus,
788 2545 893 2606 sed
931 2547 1207 2624 pecuaria
1247 2545 1480 2606 muneri
1519 2567 1642 2606 non
1681 2566 1849 2607 secus
1883 2546 2144 2608 intentus
2169 2561 2260 2608 est
2281 2572 2452 2629 quam

182 2623 239 2684 si
294 2643 589 2702 nunquam
636 2623 705 2684 ad
747 2623 1029 2684 maiorem
1070 2620 1436 2702 provinciam
1475 2631 1630 2682 esset
1663 2633 1919 2683 vocatus.
1955 2621 2346 2696 Dum-,autem
2369 2629 2454 2690 sic

182 2699 777 2836 ³⁰⁵⁶‘i'2’a3‘ffi‘iziz
812 2697 1315 2850 ssgeffip‘bffissi
1350 2699 2056 2856 ”affffitzt'pffium
2239 2778 2255 2795 ·
2341 2779 2453 2840 εει,

182 2850 369 2914 fuerit
416 2874 489 2914 an
534 2852 685 2914 elus:
735 2851 973 2928 deinde,
1015 2873 1121 2913 cur
1154 2851 1265 2915 sub
1306 2851 1410 2913 tali
1450 2851 1636 2934 figura
1676 2799 2455 2948 conspiciendqulffprae-

180 2929 399 2992 buerit.
530 2942 799 3010 ostquam
840 2929 995 2990 enim
1045 2928 1234 2990 Lucas
1282 2931 1557 3013 angelum
1592 2929 1858 3004 vocavit,
1909 2951 2046 2992 mox
2093 2931 2322 2993 inducit
2369 2934 2454 2996 sic

178 3009 559 3089 loquentem:
597 3007 731 3088 Ego
772 3027 899 3068 sum
922 3006 1086 3066 Deus
1125 3005 1422 3084 Abrahae,
1459 3019 1572 3068 etc.
1649 3006 2040 3087 Respondent
2076 3008 2332 3088 quidam,
2369 3013 2451 3071 si-
2555 3003 2576 3066 ¹.

180 3087 301 3145 cuti
337 3084 505 3144 Deus
546 3104 695 3164 quae
735 3082 847 3144 sibi
896 3083 1141 3142 maxime
1190 3087 1432 3166 propria
1480 3094 1618 3144 sunt
1663 3084 1944 3146 ministris
1991 3086 2106 3146 suis
2156 3085 2454 3148 interdum

176 3159 453 3222 attribuit
491 3173 553 3222 et
592 3159 1007 3234 communicat,
1044 3159 1129 3222 ita
1168 3181 1291 3222 non
1335 3181 1463 3222 esse
1499 3160 1836 3235 absurdum,
1875 3161 1924 3221 si
1963 3161 2034 3221 ad
2075 3161 2234 3242 ipsos
2256 3174 2450 3226 trans-

180 3237 407 3298 feratur
456 3237 599 3300 eius·
632 3257 867 3298 nomen.
945 3236 1068 3298 Sed
1106 3257 1289 3316 quum
1311 3249 1534 3318 ‚aperte
1571 3237 1924 3318 pronuntiet
1969 3238 2064 3299 hic
2087 3260 2157 3299 an
2205 3240 2349 3315 elus,
2387 3257 2453 3300 se

177 3313 377 3376 Deum
440 3333 569 3376 esse
630 3325 933 3374 aeternum
992 3312 1299 3393 qui.solus
1348 3326 1438 3378 est
1466 3315 1660 3375 ,et.in
1711 3335 1834 3394 qno
1873 3316 2071 3376 omnia
2107 3257 2452 3392 suisistunt,

178 3409 423 3452 necesse
462 3403 551 3451 est
591 3389 705 3450 hoc
745 3389 1007 3474 elogium
1044 3389 1402 3474 restringere
1427 3391 1514 3450 ‘ad
1553 3390 1670 3450 Dei
1709 3391 2042 3453 essentiam:
2083 3392 2248 3453 nullo
2289 3393 2450 3452 enim

176 3467 363 3528 modo
414 3469 477 3527 in
531 3489 603 3528 an
650 3466 775 3527 elos
836 3477 1223 3547 competeret.
1331 3466 1546 3546 Aptius
1607 3467 1902 3534 diceretur
1957 3467 2266 3550 angelum,
2317 3471 2456 3550 quia

178 3543 297 3604 Dei
334 3545 605 3604 nomine.
643 3542 915 3623 oquitur,
963 3541 1259 3624 suscipere
1299 3545 1436 3604 eius.
1473 3563 1818 3624 personam,
1863 3545 1984 3605 acsi
2033 3547 2304 3607 mandata
2349 3567 2454 3608 sua

174 3621 251 3682 ad
302 3621 551 3682 verbum
603 3633 881 3700 tanquam
934 3639 1003 3680 ex
1046 3639 1157 3682 ore
1195 3619 1313 3682 nei
1362 3619 1632 3680 referret.
1710 3620 1835 3696 Qui
1871 3641 2004 3682 mos
2039 3620 2325 3704 loquendi
2361 3645 2458 3685 sa-

176 3699 255 3758 tis
306 3697 485 3758 etiam
534 3697 705 3758 tritus
754 3709 844 3758 est
892 3695 1227 3776 Prophetis.
1314 3696 1435 3756 Sed
1489 3695 1727 3777 quando
1779 3711 1985 3777 postea
2033 3697 2194 3763 dicet
2247 3701 2460 3774 Lucan,

180 3773 337 3836 bunc
388 3774 643 3836 eundem
700 3773 871 3836 fuisse
911 3795 983 3838 au
1030 3771 1209 3846 elum,
1246 3775 1412 3835 euius
1450 3773 1717 3854 auspiciis
1763 3786 1822 3834 et
1874 3775 2052 3836 ductu
2094 3771 2292 3838 Moses
2343 3796 2456 3857 po—

176 3849 383 3944 pulum
436 3850 739 3926 liberavit,
779 3863 840 3913 et
874 3851 1001 3912 Pau
1028 3872 1091 3911 us
1140 3849 1221 3928 (1.
1259 3849 1528 3922 Con-10,
1565 3851 1654 3928 2.)
1694 3849 1992 3912 Christum
2031 3852 2208 3913 fnisse
2246 3853 2459 3912 ducem

176 3941 357 4066 ¹⁸22?
382 3929 1057 4096 3:32⁰ss‘23‘33221522
1094 3927 1255 4066 2:2⁰⁶
1280 3928 2460 4086 gfflggfflffigffissffiffifficffmggfv

1186 4047 1201 4062 ο
2253 4045 2272 4076 ’
2423 4041 2453 4054 -

178 4027 293 4142 llam
337 4081 415 4142 ab
454 4081 627 4142 initio
673 4081 849 4144 fuisse
887 4081 1005 4142 Dei
1046 4080 1646 4142 communicationem
1685 4100 1820 4140 cum
1853 4080 2188 4142 hominibus
2215 4080 2325 4140 nisi
2349 4100 2459 4161 per

180 4157 502 4222 Christum.
591 4157 753 4218 Nihil
794 4159 951 4220 enim
992 4155 1165 4218 nobis
1207 4179 1339 4220 cum
1376 4157 1554 4232 Deo,
1591 4157 1702 4218 nisi
1739 4158 1883 4218 assit
1921 4157 2212 4218 mediator
2247 4158 2351 4237 qui
2389 4156 2466 4218 il·-

179 4235 301 4296 lum
342 4233 518 4297 nobis
554 4235 851 4298 conciliet.
926 4235 1021 4294 Ita
1060 4233 1155 4295 hic
1194 4233 1359 4296 locus
1397 4245 1669 4295 aeternae
1711 4233 1934 4294 Christi
1972 4232 2259 4294 divinitati
2295 4231 2463 4297 lucu-

178 4311 407 4374 lentum
445 4311 851 4374 testimonium
892 4309 1123 4385 reddit,
1184 4322 1245 4372 et
1294 4311 1556 4372 eiusdem
1595 4331 1729 4370 cum
1769 4311 1946 4370 Patre
1998 4309 2284 4372 essenthe
2323 4329 2458 4373 eum

178 4407 307 4452 eu·
342 4387 545 4454 docet.
620 4388 889 4474 Angelus
927 4403 1115 4469 porro
1150 4387 1606 4473 ideoyoeatur,
1641 4405 1767 4447 non
1803 4384 1987 4448 modo
2037 4385 2173 4468 quia
2215 4389 2462 4470 angelos
