2788 4713
332 244 451 308 124
1128 234 1217 297 IN
1250 230 1481 297 A‘c‘ra
1515 232 1810 297 Avosm
1884 288 1892 295 .

326 400 571 458 ,semper
608 378 853 443 comites
890 375 1093 439 babuit
1130 390 1193 439 et
1228 380 1393 461 quasi
1437 379 1834 460 apparitores,
1881 376 1986 439 sed
2037 375 2198 463 quod
2246 374 2348 439 illa
2394 374 2608 457 populi

336 459 538 522 redem
582 459 671 519 tio
734 468 995 517 nostram
1052 458 1317 517 omnium
1378 454 1768 531 adumbravit,
1828 455 1990 515 cuius
2053 475 2221 516 causa
2281 453 2608 518 mittendus

338 549 467 598 erat
566 534 775 594 hristus
814 554 844 592 a
884 532 1083 607 Patre,
1122 544 1191 593 ut
1227 532 1477 593 formam
1527 532 1679 592 servi
1733 554 1864 593 cum
1915 551 2092 592 carne
2140 543 2340 591 nostra
2389 532 2608 590 indue-

340 626 451 673 ret.
532 612 777 673 Certum
826 608 1064 688 quidem
1114 621 1233 683 est,
1279 608 1476 667 Deum
1538 607 1874 669 hominibus
1923 628 2220 689 nunquam
2269 609 2610 689 apparuisse

384 689 527 750 ualis
567 699 685 761 est,
734 685 845 747 sed·
876 684 985 747 sub
1036 686 1233 777 specie
1282 685 1477 764 aliqua
1525 704 1674 764 quae
1728 706 1936 745 eorum
1984 685 2178 764 captui
2223 695 2610 767 congrussret.

400 766 473 827 lia
520 774 719 825 tamen
771 773 838 822 ut
888 762 1005 823 dixi
1054 784 1112 822 m
1155 760 1393 823 Christo
1437 762 1688 821 nominis
1741 763 1891 823 ratio
1945 773 2066 836 est,
2123 755 2285 838 quod
2353 772 2606 821 aeterno

338 844 529 904 Patris
570 838 817 901 consilio
861 838 1176 899 destinatus
1217 836 1555 899 hominibus
1593 835 1791 898 salutis
1829 838 2115 914 minister,
2159 844 2216 897 in
2245 838 2402 896 hunc
2425 836 2612 897 finem

340 920 495 981 Mosi
534 938 606 998 ap
652 928 794 977 aret.
868 916 1079 994 Neque
1118 912 1254 973 huic
1294 913 1602 975 doctrinae
1640 926 1933 1049 repugnat
1964 914 2125 993 quo‘d
2143 912 2395 975 babetur
2418 910 2612 973 Hebr.

340 1002 401 1067 2,
441 1001 556 1069 16.,
598 938 899 1054 &hristum
947 1010 1245 1070 nunquam
1293 989 1601 1069 sumpsisse
1639 1010 1788 1073 ange
1817 1012 1883 1051 os
1929 991 2034 1051 sed
2070 990 2344 1051 Abrahae
2383 1008 2614 1051 semen.

342 1071 607 1133 Tametsi
654 1070 807 1129 enim
858 1064 1049 1149 angeli
1086 1066 1340 1146 speciem
1391 1067 1463 1125 ad
1501 1078 1734 1147 tempus
1781 1067 2006 1143 induit,
2039 1088 2356 1147 ‚nunquam
2405 1078 2616 1125 tamen

341 1148 666 1233 angelicam
704 1146 960 1224 suscepit
998 1155 1293 1217 naturam,
1332 1144 1824 1221 quemadmodum
1873 1148 2083 1204 scimus
2129 1163 2269 1203 vere
2306 1142 2616 1203 hominem

340 1226 564 1288 factum
604 1240 748 1284 esse.
824 1220 1033 1295 Restat
1069 1231 1135 1280 ut
1172 1219 1394 1298 aliquid
1436 1220 1510 1279 de
1553 1218 1700 1281 rubo
1745 1219 1973 1280 ardenti
2019 1221 2291 1280 dicamus.
2369 1219 2618 1279 Tritum

341 1314 433 1363 est
484 1298 659 1375 illud,
714 1298 915 1357 Deum
960 1295 1340 1356 similitudine
1393 1296 1639 1375 quadam
1689 1298 1867 1360 rebus
1906 1297 2074 1381 signa
2113 1308 2329 1377 aptare.
2404 1295 2622 1376 Atque

341 1380 491 1441 baec
530 1376 655 1436 fere
696 1374 1020 1435 communis
1060 1383 1149 1433 est
1187 1372 1700 1435 sacramentorum
1737 1369 1909 1434 ratio.
2007 1374 2200 1433 Porro
2239 1370 2382 1433 nibil
2423 1373 2621 1453 magis

343 1452 676 1537 appositum
716 1446 949 1511 ostendi
988 1450 1144 1511 Mosi
1184 1450 1382 1528 potuit
1420 1448 1491 1508 ad
1517 1450 1974 1510 confirmandam
2001 1450 2122 1511 eius
2147 1449 2322 1509 fidem
2346 1450 2406 1508 in
2433 1468 2620 1529 prae-

342 1530 499 1593 senti
536 1526 807 1609 negotio.
884 1524 1129 1587 Sciebat
1164 1526 1227 1585 in
1268 1519 1387 1605 q'uo
1430 1537 1580 1586 statu
1621 1539 1860 1609 gentem
1897 1548 2058 1587 suam
2097 1526 2443 1606 reliquisset.
2485 1524 2620 1584 Ta-

343 1605 519 1669 metsi
554 1604 617 1663 in
662 1623 767 1664 ens
805 1614 958 1663 esset
993 1603 1299 1663 bominum
1334 1620 1648 1679 numerus,
1697 1614 1825 1664 er‘at
1857 1616 2054 1663 tamen
2093 1602 2256 1663 rubo·
2288 1622 2412 1662 non
2454 1600 2622 1661 absi-

344 1683 516 1745 milis.
650 1700 743 1740 am
780 1691 849 1739 ut
886 1678 1065 1739 rubus
1106 1699 1224 1759 quo
1264 1678 1505 1739 densior
1541 1690 1633 1739 est
1668 1692 1730 1740 et
1775 1681 2091 1761 compactis
2137 1678 2387 1740 arbustis
2425 1677 2624 1760 magis

344 1758 636 1833 abundat,
684 1776 759 1817 eo
800 1756 874 1816 ad
914 1757 1203 1815 flammam
1243 1754 1642 1835 excipiendam
1681 1758 1861 1839 magis
1905 1767 1993 1817 est
2031 1754 2350 1830 obnoxius,
2401 1766 2470 1814 ut
2514 1760 2624 1816 in-

344 1836 621 1897 cendium
662 1853 769 1914 per
806 1834 1013 1893 omnes
1050 1843 1243 1913 partes
1280 1842 1604 1924 grassetur:
1643 1834 1723 1893 ita
1759 1833 1987 1893 infirma
2027 1845 2154 1893 erat
2189 1855 2268 1913 po
2315 1830 2395 1892 uli
2419 1832 2622 1892 Israe-

344 1912 493 1975 litici
529 1932 734 1972 manus
775 1908 849 1969 ad
888 1928 1092 1970 omnes
1133 1908 1367 1968 iniurias
1407 1910 1685 1987 exposita,
1725 1923 1786 1969 et
1821 1932 1924 1969 sua
1962 1910 2124 1990 quasi
2175 1929 2272 1969 mo
2301 1928 2335 1967 e
2365 1922 2622 1991 ‘gravata

330 1987 600 2051 'imbellis
637 1984 951 2047 multitudo
990 1984 1313 2045 Pharaonis
1350 1986 1643 2046 saevitiam
1693 1998 1917 2046 tantum
1967 2004 2258 2067 prospero
2307 1984 2622 2045 crescendi

346 2085 618 2129 successu
656 2062 1021 2125 amenderat.
1096 2062 1262 2143 Ergo
1312 2061 1564 2142 populus
1616 2063 1739 2122 dira
1785 2063 2099 2143 tyrannide
2147 2082 2460 2143 oppressus
2505 2082 2622 2123 ve·-

346 2144 459 2205 luti
507 2138 789 2221 quaedam
838 2139 985 2221 ligni
1025 2138 1343 2219 congeries
1397 2150 1484 2197 est
1546 2138 1824 2200 incendio
1871 2140 2092 2219 ubique
2147 2150 2449 2218 correpta,
2497 2160 2621 2199 nec

392 2219 663 2297 uicquam
713 2214 911 2276 obstat
958 2215 1272 2294 quominus
1318 2215 1381 2275 in
1435 2216 1698 2275 cinerem
1745 2235 1880 2291 mox
1929 2216 2261 2299 redigatur,
2309 2216 2418 2275 nisi
2471 2216 2618 2294 quia

347 2242 641 2359 {ominus
680 2292 741 2352 in
780 2290 977 2352 medio
1018 2292 1141 2351 eius
1177 2290 1366 2351 sedet.
1443 2290 1797 2373 Quanquam
1849 2304 2044 2353 autem
2094 2293 2375 2361 insolitus,
2407 2306 2618 2372 perse-

392 2376 703 2434 uutionum
740 2370 761 2428 i
846 2370 895 2430 is
932 2379 1075 2430 tunc
1112 2367 1417 2462 flagrabat,
1455 2369 1590 2450 quia
1629 2381 1824 2430 tamen
1862 2369 2125 2432 Ecclesia
2161 2369 2285 2429 Dei
2315 2389 2620 2449 nunquam
2661 2397 2668 2402 ·

348 2389 885 2513 :ib-afflictioniffis
918 2467 1161 2538 prorsus
1198 2446 1471 2506 immunis
1509 2456 1573 2506 et
1609 2445 1793 2506 libera
1833 2459 1923 2508 est
1960 2447 2020 2506 in
2059 2447 2302 2520 mundo,
2338 2444 2435 2506 hic
2515 2465 2620 2504 er-

348 2539 531 2610 petua
582 2525 707 2586 cius
756 2522 1023 2585 conditio
1078 2523 1518 2602 quodammodo
1570 2523 1802 2603 depicta
1851 2535 1956 2584 est.
2035 2523 2197 2598 Quid
2248 2523 2405 2582 enim
2455 2522 2618 2584 aiud

349 2625 551 2666 sumus
584 2623 759 2682 quam
797 2599 1063 2659 flammae
1099 2597 1416 2680 pabulum?
1453 2601 1806 2680 Innumerae
1841 2619 1986 2662 vero
2024 2600 2277 2660 Satanae
2315 2600 2471 2659 faces
2521 2621 2620 2660 as-

346 2682 517 2742 sidue
554 2679 835 2752 volitant,
876 2695 1025 2756 quae
1063 2676 1266 2758 ignem
1303 2676 1614 2738 subiiciant
1653 2689 1714 2736 et
1751 2677 2102 2758 corporibus
2141 2687 2202 2736 et
2239 2676 2474 2750 animis,
2511 2675 2622 2738 sed

348 2757 647 2816 Dominus
684 2754 831 2813 mira
871 2765 933 2812 et
969 2753 1248 2835 singulari
1280 2753 1474 2891 gratia
1513 2773 1626 2814 nos
1663 2775 1694 2813 a
1743 2753 2194 2834 consumptione
2243 2751 2500 2813 vindicat
2547 2775 2621 2813 ac

350 2843 569 2893 tuetur.
646 2828 877 2889 Ardere
916 2849 1061 2912 ergo
1100 2832 1273 2890 incen
1320 2831 1438 2890 ium
1477 2848 1716 2890 necesse
1757 2844 1864 2904 est,
1903 2829 2064 2910 quod
2101 2830 2162 2890 in
2202 2829 2312 2890 bac
2350 2828 2466 2890 vita
2503 2851 2622 2890 nos

350 2919 501 2969 urat.
580 2906 701 2966 Sed
740 2908 874 2986 quia
912 2905 1201 2967 Dominus
1243 2907 1306 2967 in
1344 2905 1545 2965 medio
1587 2907 1772 2966 nostri
1811 2906 2060 2984 habitat,
2099 2905 2317 2966 efficiet
2355 2925 2432 2965 ne
2473 2905 2620 2986 quid

352 2981 711 3122 afflictiones
772 2980 949 3043 nobis
1010 2993 1300 3058 noceant,
1362 2981 1856 3063 quemadmodum
1915 2984 2091 3046 etiam
2138 2983 2371 3046 Psalmo
2419 2989 2528 3062 46,
2579 2987 2624 3048 6

398 3060 585 3120 'citum

506 3141 603 3200 31.
678 3129 1033 3192 Adnuit-mus
1058 3145 1150 3192 est
1182 3135 1474 3195 visionem.
1565 3133 1826 3198 Sciamus
1875 3135 1956 3198 ita
2007 3135 2204 3197 Deum·
2251 3133 2414 3197 cum*
2433 3136 2620 3216 patri-

309 3212 465 3274 -bus
512 3228 689 3294 agere
740 3208 977 3270 solitum
1028 3209 1231 3284 fuisse,
1284 3221 1352 3270 ut
1405 3222 1568 3272 certo
1623 3215 1747 3275 eius
1797 3214 2157 3274 maiestatem
2195 3225 2619 3296 agnoscerent:

350 3287 545 3354 voluit
580 3287 737 3347 enim
778 3285 1000 3346 clarum
1036 3305 1163 3347 esse
1203 3287 1513 3349 discrimen
1553 3289 1712 3349 inter
1745 3291 1998 3352 visiones
2035 3311 2177 3371 quas
2216 3289 2517 3371 praebuit,
2559 3301 2626 3350 et

268 3393 281 3406 ⁸
355 3366 611 3427 Satanae
670 3361 1029 3444 praestigias.
1106 3362 1304 3444 Atque
1360 3359 1504 3426 baec
1554 3366 1846 3428 certitudo
1894 3365 2024 3448 plus
2115 3387 2247 3427 uam
2295 3367 2624 3426 necessaria

354 3453 463 3503 est·
542 3441 739 3515 Quam
780 3439 937 3498 enim
976 3439 1199 3522 alioqui
1234 3441 1409 3502 fidem
1449 3440 1736 3504 haberent
1773 3443 1887 3503 Dei
1923 3463 2104 3504 oracu
2171 3485 2190 3519 ,
2237 3443 2446 3524 quibus
2485 3443 2622 3502 foe:-

357 3518 464 3579 dus
502 3528 781 3580 aeternae
818 3517 971 3576 ‘vitae
994 3518 1389 3579 continetur?
1427 3518 1592 3602 Ergo
1634 3542 1810 3600 quum
1851 3518 1994 3580 haec
2030 3521 2155 3580 sola
2196 3521 2270 3580 sit
2305 3539 2442 3578 vera
2479 3519 2622 3580 fidei

354 3593 577 3656 fultura
615 3592 807 3652 Deum
840 3592 1067 3653 habere
1104 3607 1428 3668 auctorem,
1469 3615 1708 3657 necesse
1747 3607 1836 3656 est
1871 3607 1939 3654 ut
1971 3595 2216 3658 indubie
2245 3615 2306 3657 se
2333 3615 2466 3654 eum
2493 3615 2621 3658 esse

354 3679 669 3743 monstret,
709 3669 809 3748 qui
847 3666 1125 3750 loquitur.
1200 3670 1442 3733 Deinde
1490 3672 1728 3753 quando
1751 3687 2003 3751 *semper
2035 3672 2378 3734 obambulat
2417 3673 2623 3750 Sata-n,

358 3760 423 3808 et
460 3747 621 3807 miris
672 3745 893 3806 artibus
932 3767 995 3806 se
1044 3748 1301 3808 insinuat
1332 3762 1560 3830 totque·
1591 3751 1769 3810 habet
1801 3748 2042 3809 fallendi
2083 3750 2312 3824 modos,
2397 3771 2624 3810 raeser-

238 3893 248 3905 .
356 3826 465 3886 tim
502 3843 645 3884 vero
684 3822 803 3882 Dei
846 3843 1071 3884 nomen
1121 3823 1408 3886 fallaciter
1453 3825 1757 3902 obtendit,
1804 3825 2010 3886 sedulo
2058 3825 2134 3888 ab
2187 3828 2308 3888 eius
2383 3826 2623 3888 udibriis

359 3900 679 3962 cavendum
722 3911 827 3960 est.
906 3899 1187 3962 Videmus
1223 3914 1292 3962 ut
1330 3903 1471 3964 olim
1511 3915 1718 3986 gentes
1767 3916 1988 3964 omnes
2029 3914 2090 3963 et
2139 3905 2400 3985 Papistas
2447 3904 2622 3966 etiam

358 3977 581 4038 luserit.
660 3973 877 4036 Omnia
920 3976 1077 4036 enim
1114 3981 1599 4060 superstitionum
1679 3989 1935 4055 ortenta,
1976 3981 2174 4042 omnia
2212 4001 2478 4040 errorum
2519 3981 2622 4040 de-

358 4053 522 4129 liria,
572 4073 721 4134 quae
760 4053 897 4114 olim
936 4053 1179 4116 fixerunt
1226 4065 1286 4116 et
1336 4055 1514 4116 hodie
1561 4057 1630 4116 ad
1677 4077 1750 4116 uc
1797 4067 2050 4139 regnaut
2095 4057 2203 4117 sub
2244 4057 2502 4138 Papatu,
2555 4077 2625 4114 ex

360 4129 623 4205 somniis,
660 4131 903 4210 spectris
944 4142 1006 4191 et
1040 4131 1195 4194 falsis
1214 4131 1669 4194 revelationibus
1693 4145 1828 4194 nata
1851 4146 2006 4195 sunt.
2067 4133 2236 4209 Quin
2265 4137 2440 4194 etiam
2463 4135 2623 4193 Ana-

358 4205 651 4287 baptistae
686 4229 817 4268 suas
852 4207 1155 4270 illusiones
1194 4209 1433 4270 babent.
1507 4209 1673 4292 Ergo
1713 4209 2105 4272 unicum-hoc
2155 4209 2480 4270 remedium
2535 4217 2625 4268 est

361 4293 433 4342 ut
480 4283 656 4345 certis
704 4284 866 4346 uotis
906 4286 1069 4348 Deus
1119 4307 1261 4366 quas
1306 4285 1556 4367 praebet
1591 4287 1844 4348 visiones
1881 4288 2177 4368 insigniat.
2253 4285 2430 4346 Tunc
2467 4289 2622 4346 enim

364 4367 529 4424 extra
554 4361 801 4426 errandi
834 4361 1163 4446 periculum
1198 4385 1432 4444 sumus,
1467 4385 1654 4448 quum
1687 4387 1848 4432 suam
1887 4365 2246 4428 maiestatem
2291 4361 2465 4424 nobis
2517 4381 2620 4445 pa-
