2788 4713
1098 307 1374 372 CAPUT
1413 301 1555 412 yn·
1870 354 1875 364 ·
2362 312 2477 375 117

185 451 473 516 stituitur
511 449 792 512 fratribus
837 449 976 526 suis,
1015 451 1117 532 qui
1165 455 1364 536 pretio
1412 453 1715 515 venditum
1762 451 1944 535 longe
1990 451 2183 534 ipsum
2232 449 2470 531 expule-

185 543 352 604 rant,
398 549 469 589 ac
511 527 796 609 putabant
845 549 881 588 a
931 530 1152 590 mundo
1203 551 1443 611 prorsus
1494 531 1963 606 exterminatum:
2031 527 2229 590 cibum
2276 528 2341 588 in
2368 547 2465 605 ⁴os

187 608 342 688 ipsis
384 605 632 688 ingerit,
673 626 702 664 a
783 603 956 664 uibus
993 606 1058 665 in
1107 627 1347 686 specum
1396 607 1699 688 proiectus
1752 612 1889 666 acre
1940 618 2002 666 et
2039 607 2254 687 spiritu
2294 623 2461 667 com·-

189 683 370 742 muni
423 682 680 773 privatus
761 693 957 742 uerat:
999 681 1218 742 tolerat
1254 683 1515 764 denique
1555 696 1617 743 et
1654 683 1819 744 fovet
1847 681 2087 742 illorum
2110 683 2317 757 vitam,
2360 679 2461 760 qui

189 760 386 818 vitam
437 757 522 818 ιΙΙί
570 757 827 817 adimere
877 779 1000 818 non
1052 759 1479 820 dubitaverant.
1554 761 1793 820 Interea
1840 757 2073 818 Iudaeis
2122 757 2183 818 iu
2232 777 2461 817 memo-

195 835 352 894 riam
391 834 618 894 reducit
655 834 1011 913 Stephanus,
1051 835 1417 900 Patriarchas
1458 849 1697 898 coactos
1748 857 1815 896 ex
1865 855 1931 894 ea
1980 846 2137 893 terra
2186 835 2463 915 migrasse

199 931 356 991 quae
395 911 508 970 illis
545 911 608 969 in
647 909 1072 971 haereditatem
1113 913 1244 972 data
1285 912 1497 989 suerat,
1538 926 1599 973 et
1638 913 1777 972 alibi
1820 929 1945 971 esse
1970 922 2259 988 mortuos.
2296 911 2460 992 Ergo

202 1009 384 1068 quum
424 987 484 1047 in
525 1007 592 1046 ea
629 987 912 1067 inquilini
953 988 1196 1064 suerint,
1237 991 1473 1050 tandem
1512 989 1652 1049 inde
1693 988 1978 1049 exsulant:
2118 993 2123 998 “

353 1071 444 1128 14.
523 1063 708 1138 Quod
761 1063 910 1124 dicit
944 1059 1123 1124 Iacob
1165 1066 1392 1126 venisse
1434 1067 1498 1124 in
1538 1067 1629 1126 Ae
1674 1079 1877 1149 yptum
1918 1083 2049 1126 cum
2089 1060 2461 1142 septuaginta

199 1140 462 1220 quinque
501 1139 828 1212 animabus,
867 1161 990 1200 non
1033 1141 1320 1202 convenit
1366 1165 1499 1203 cum
1546 1165 1647 1202 ver
1695 1145 1741 1202 is
1787 1141 1990 1202 Musis.
2066 1139 2216 1198 Nam
2264 1139 2462 1198 Moses

191 1229 426 1277 tantum
477 1217 854 1298 septuaginta
903 1231 1190 1277 numerat.
1293 1209 1522 1278 Hseron
1570 1241 1693 1281 mus
1739 1219 1959 1278 Lucam
2003 1216 2293 1276 existimat
2338 1209 2464 1274 non

186 1291 469 1353 retulisse
521 1293 594 1352 ad
632 1291 879 1354 verbum
921 1315 1066 1374 quae
1121 1294 1332 1355 dixerit
1367 1295 1513 1376 Step
1559 1319 1733 1372 anus,
1788 1295 1891 1356 sed
1941 1313 2009 1354 ex
2049 1291 2283 1352 Graeca·
2326 1309 2467 1350 ver-

186 1371 364 1430 sione
403 1369 939 1450 Mosis-sumpsisse
979 1371 1134 1430 hunc
1173 1392 1505 1446 numerum,
1542 1373 1635 1434 vel
1678 1371 1837 1454 quod
1878 1372 2019 1451 ipse·
2056 1369 2157 1448 qui
2240 1366 2465 1448 roselyv-

187 1459 288 1506 tus
330 1459 462 1506 erat
499 1467 622 1506 non
663 1447 926 1506 tenuerit
961 1446 1221 1530 linguam
1259 1447 1644 1523 Hebraicam,
1690 1450 1785 1510 vel
1866 1445 1987 1508 uod
2036 1447 2199 1529 genti
2246 1469 2311 1508 us
2354 1445 2464 1502 hoe

191 1523 534 1584 concedere
587 1521 848 1584 voluerit
896 1522 1047 1604 apud
1091 1545 1234 1604 quas
1273 1537 1513 1606 recepta
1554 1539 1681 1588 erat
1714 1526 1815 1588 illa
1880 1524 2054 1584 ectio.
2132 1522 2325 1584 Porro
2365 1522 2463 1580 in·-

191 1612 426 1660 certum
465 1610 557 1659 est
595 1619 668 1658 an
709 1599 783 1658 de
823 1597 1109 1660 industria
1163 1621 1409 1660 numeru
1520 1599 1683 1662 illum
1740 1600 2049 1682 posuerint
2098 1598 2317 1660 Graeci
2368 1598 2463 1657 in-

188 1687 522 1756 terpretes,
576 1695 650 1734 an
700 1695 903 1736 errore
957 1689 1165 1756 postea
1214 1623 1567 1759 obrepserit.
1658 1677 1841 1755 Quod
1890 1676 2183 1757 posterius
2232 1674 2463 1736 scilicet

187 1752 459 1832 proclive
501 1752 637 1827 suit,
681 1773 860 1832 quum
902 1751 1122 1812 Graeci
1162 1752 1463 1813 literarum
1504 1755 1663 1816 notis
1716 1774 1990 1814 numeros
2029 1753 2263 1834 signare
2302 1751 2461 1812 solo-

189 1841 316 1889 ant.
427 1829 796 1910 Augustinus
846 1829 920 1888 de
970 1829 1228 1890 Civitate
1276 1830 1397 1890 Dei
1461 1830 1618 1892 libro
1646 1838 1761 1898 ‘26-
1812 1851 1944 1892 com
1990 1829 2239 1890 rebendi
2335 1837 2463 1889 utat

188 1917 450 1996 nepotes
498 1927 566 1966 ac
612 1918 978 1986 pronepotes
1025 1905 1270 1987 Ioseph,
1311 1919 1489 1987 atque
1526 1909 1609 1968 ita
1648 1929 1867 1971 nomen
1906 1852 2205 1966 discemus
2234 1905 2340 1964 'ili
2381 1899 2460 1962 si-

281 1983 442 2042 ificat
479 1993 672 2042 totum
712 1979 852 2041 illud
901 1993 1133 2062 tempus
1189 2005 1308 2064 quo
1357 1984 1505 2045 vixit
1549 1984 1754 2045 Iacob.
1842 1983 2069 2043 Verum
2117 1983 2459 2042 coniectura

189 2001 294 2120 ῇῖε
333 2057 503 2118 nullo
543 2059 725 2118 modo
764 2059 950 2138 recipi
987 2069 1202 2150 potest.
1239 2089 1246 2097 ·
1278 2061 1427 2122 Nam
1468 2063 1696 2122 interea
1730 2062 1853 2122 nati
1884 2073 2033 2121 sunt
2059 2059 2183 2120 aliis
2218 2073 2459 2139 quoquo

189 2134 552 2196 Patriarchis
590 2133 922 2216 complures
963 2135 1156 2200 liberi.
1219 2137 1365 2197 Mihi
1405 2151 1566 2200 certe
1597 2138 1913 2199 verisimile
1937 2151 2047 2214 est,
2087 2135 2461 2217 septuaginta

191 2213 562 2292 Interpretes
600 2231 738 2270 vere
775 2211 1138 2274 transtulisse
1179 2215 1340 2294 quod
1383 2228 1510 2286 erat
1554 2217 1707 2296 apud
1747 2216 1977 2276 Mosen.
2053 2215 2145 2273 Ne
2191 2233 2263 2271 ue
2302 2211 2460 2270 enim

194 2289 316 2350 dici
351 2299 558 2380 potest
594 2289 772 2348 fuisse
813 2287 1214 2368 hallucinatos,
1257 2311 1436 2371 quum
1474 2292 1805 2354 Deuteron.
1848 2314 1969 2372 cap.
1996 2297 2088 2356 10.
2129 2313 2163 2346 u
2212 2290 2461 2347 inume-

192 2388 300 2427 rus
347 2376 460 2425 iste
515 2367 802 2446 repetitur
865 2387 996 2427 cum
1047 2369 1216 2428 Mose
1269 2369 1675 2444 consentiant,
1716 2370 1939 2429 ‚saltem
1992 2379 2060 2427 ut
2107 2362 2460 2443 Hieronymi

193 2454 473 2521 tempore
513 2442 676 2505 locus
713 2442 813 2503 ille
852 2440 980 2503 sine
1021 2446 1423 2505 controversia
1477 2446 1531 2503 le
1579 2446 1803 2505 ebatur.
1879 2447 2031 2503 Nam
2082 2462 2231 2521 quae
2280 2438 2459 2499 hodie

201 2538 412 2577 excusa
447 2531 580 2579 sunt
617 2518 966 2600 exemplaria
1007 2519 1176 2579 aliter
1223 2518 1463 2580 habent.
1601 2544 1708 2581 anc
1759 2521 1958 2600 itaque
2012 2515 2459 2598 discrepantiam

199 2614 275 2655 ex
317 2614 516 2653 errore
561 2594 936 2656 librariorum
985 2608 1174 2655 ortam
1223 2617 1350 2657 esse
1387 2596 1677 2659 'coniicio.
1752 2598 1869 2657 Res
1918 2608 2109 2655 autem
2160 2614 2283 2653 non
2336 2601 2463 2649 erat

189 2671 354 2731 tanti
392 2673 695 2748 momenti,
735 2674 900 2733 cuius
938 2692 1108 2733 causa
1144 2674 1331 2735 Lucas
1373 2686 1579 2755 gentes
1622 2672 1885 2735 Graecae
1926 2670 2169 2731 lectioni
2209 2679 2461 2729 assuetas

191 2746 440 2807 turbare
479 2748 768 2809 debuerit.
831 2750 914 2809 Et
952 2749 1079 2807 fieri
1118 2761 1320 2830 potest
1355 2763 1425 2809 ut
1461 2752 1729 2830 posuerit
1751 2750 1877 2832 ipse
1902 2768 2103 2809 verum
2128 2764 2461 2816 numerum,

193 2824 488 2905 quispiam
543 2846 690 2885 vero
744 2846 812 2885 ex
861 2826 999 2886 loeo
1046 2826 1148 2886 illo
1199 2827 1384 2887 Mosis
1433 2846 1741 2906 perperam
1800 2826 2135 2887 correxerit.
2224 2823 2459 2881 Novum

191 2902 360 2961 enim
399 2900 843 2961 Testamentum
879 2902 1092 2963 scimus
1132 2903 1204 2963 ab
1247 2902 1336 2963 his
1373 2915 1687 2964 tractatum
1730 2904 1937 2977 fuisse,
1989 2902 2089 2983 qui
2126 2898 2459 2960 Hebraicae

187 2978 432 3060 linguae
471 2978 664 3060 ignari
704 2977 994 3039 Graecam
1035 2979 1401 3040 familiariter
1434 2980 1737 3041 tenebant.
1812 2980 1977 3061 Ergo
2026 2990 2095 3039 nt
2146 2986 2459 3039 consenta-

189 3075 310 3115 nea
351 3067 545 3115 essent
585 3056 870 3137 Stephani
908 3056 1088 3115 verba
1139 3078 1270 3117 cum
1315 3056 1453 3117 loco
1492 3057 1709 3135 Musis,
1762 3056 2073 3138 probabile
2116 3066 2207 3115 est
2253 3052 2461 3113 falsum

193 3130 368 3191 illum
393 3152 724 3208 numerum,
765 3132 1314 3213 qui'reperiebatur
1349 3134 1409 3193 in
1454 3132 1679 3195 Graeca
1717 3134 1989 3196 versione
2030 3132 2359 3201 Geneseos,
2397 3128 2461 3187 in

188 3208 356 3267 hunc
395 3229 634 3288 quoqne
672 3208 868 3269 locum
905 3210 1297 3271 transtulisse:
1339 3210 1414 3269 de
1454 3233 1575 3305 quo
1614 3214 1663 3272 si
1702 3212 1833 3291 quis
1872 3209 2225 3291 pertinacius
2262 3206 2461 3286 litiget

190 3304 404 3364 sapere
444 3297 600 3345 extra
647 3286 888 3346 modum
928 3284 1209 3347 sinamus:
1251 3285 1428 3347 nobis
1468 3296 1832 3349 1n·‘mentem
1876 3286 2110 3362 veniat,
2158 3304 2283 3345 non
2330 3283 2457 3341 fru-

189 3373 316 3421 stra
355 3380 466 3422 nos
503 3361 685 3423 venri
725 3382 758 3422 a
796 3362 983 3423 Paulo
1025 3363 1098 3423 de
1133 3362 1499 3447 genealogiis
1538 3365 1709 3425 anxie
1759 3383 1886 3425 esse
1939 3363 2223 3424 curiosos.
2302 3358 2459 3422 Cae-

188 3450 390 3497 terum
430 3436 704 3499 consulto
745 3439 1090 3520 exprimitur
1123 3453 1244 3500 tam
1284 3441 1522 3521 exiguus
1562 3462 1860 3515 numerus,
1900 3462 2020 3520 quo
2059 3438 2346 3499 illustrior
2382 3434 2463 3495 sit

188 3514 314 3573 Dei
354 3516 626 3594 potentia
665 3516 724 3574 in
765 3527 926 3575 tanta
963 3517 1198 3597 generis
1242 3518 1713 3600 propagatione,
1764 3538 1931 3597 quae.
1961 3536 2088 3577 non
2136 3517 2219 3576 ita
2268 3514 2371 3575 lon
2418 3532 2457 3573 o

187 3592 746 3670 tempore'exstitit.
820 3592 1032 3672 Neque
1079 3594 1235 3653 enim
1282 3593 1533 3655 bumana
1582 3592 1911 3677 generandi
1950 3592 2184 3653 ratione
2228 3602 2458 3656 tantua

191 3667 504 3727 hominum
552 3690 756 3729 manus
803 3668 960 3729 int'ra
999 3690 1186 3730 annos
1225 3670 1514 3731 ducentos
1552 3672 1973 3753 quinquaginta
2020 3670 2085 3729 iu
2130 3666 2461 3731 multitudi-

189 3764 334 3803 nem
373 3742 530 3803 illam
570 3744 941 3821 immensam,
981 3766 1130 3821 qnae
1171 3746 1229 3807 in
1271 3746 1479 3808 Exodo
1522 3755 1621 3821 12,-
1656 3756 1749 3815 37.
1790 3748 2079 3823 refertur,
2120 3760 2459 3807 excrescere

189 3831 452 3957 Soter-at·
530 3821 880 3882 Miraculum
919 3822 1074 3883 istud
1115 3822 1277 3903 quod
1316 3824 1493 3885 nobis
1534 3824 1789 3906 Spiritus
1830 3824 2201 3885 commendat
2239 3840 2457 3901 expen-

237 3916 340 3956 ere
381 3898 566 3979 magis
607 3900 910 3973 convenit,
995 3922 1124 3959 uam
1166 3902 1329 3960 anxie
1372 3901 1445 3959 de
1486 3901 1655 3963 litera
1698 3924 1811 3962 una
1852 3901 2121 3962 laborare
2172 3918 2285 3977 qua
2323 3916 2458 3953 mu-

187 3986 352 4035 tatus
407 3985 498 4033 est
543 3968 838 4035 numerus.
915 3978 968 4037 A
995 3978 1086 4037 iae
1139 3976 1512 4057 quaestiones
1562 3992 1623 4039 et
1674 3978 1911 4059 quidem
1957 3976 2145 4059 magis
2192 3970 2461 4033 difficiles

189 4050 268 4113 ad
306 4050 654 4111 solvendum
695 4064 1012 4113 nascuntur
1049 4074 1117 4113 ex
1153 4053 1383 4134 reliquo
1425 4068 1721 4127 contextu.

347 4132 445 4191 16.
484 4127 653 4188 Dicit
691 4128 1024 4208 Stephanus
1058 4130 1372 4190 translatos
1388 4134 1597 4211 fiu‘sse
1631 4132 1691 4191 in
1732 4144 1949 4193 terram
1991 4128 2229 4191 Canaan
2267 4122 2463 4187 Patri-

191 4202 400 4267 archas
442 4214 580 4283 post
617 4216 890 4264 mortem.
1005 4208 1188 4288 Atqui
1227 4208 1425 4268 Moses
1473 4207 1714 4269 nonnisi
1766 4230 1893 4269 ossa
1932 4205 2148 4285 Ioseph
2201 4222 2464 4264 comme-

191 4291 392 4341 morat
428 4276 612 4350 (Gen.
651 4286 749 4355 50,
790 4286 924 4359 13.).
999 4282 1078 4343 Et
1127 4284 1334 4345 iosuae
1370 4292 1479 4359 24,
1517 4292 1611 4349 32.
1661 4284 1944 4357 habetur,
1994 4278 2247 4361 Sepulta·
2286 4280 2464 4342 fuisse

195 4378 328 4419 ossa
380 4356 636 4437 Ioseph,
689 4358 1004 4439 praeterita
1054 4360 1304 4421 aliorum
1351 4363 1678 4419 mentione.
1755 4358 2147 4449 Respondent
2192 4356 2465 4417 nonnulli

195 4434 418 4499 Mosen
451 4434 706 4497 honoris
743 4456 914 4500 eausa
948 4434 1139 4500 solum
1178 4435 1398 4518 Ioseph
1438 4436 1767 4507 nominare,
1806 4453 1945 4519 qma
1983 4432 2056 4493 de
2095 4432 2323 4495 ossibus
2346 4431 2465 4493 suis
