2788 4713
359 270 474 333 258
893 292 899 303 ·
1137 254 1226 316 IN
1262 250 1489 317 ACTA
1524 247 1812 313 APOST.

363 408 603 472 modum
623 402 838 468 Paulus
875 399 1052 461 docet
1085 396 1258 459 Rom.
1295 402 1356 474 6,
1393 382 1487 463 {0-
1560 394 1699 457 Non
1739 389 1983 473 amplius
2012 390 2284 463 moritur,
2322 384 2443 449 nec'
2472 408 2627 449 am*

365 488 516 570 plius
552 503 711 543 mors
745 477 831 540 illi
868 474 1297 537 dominabitur:
1335 475 1470 554 quia
1504 472 1645 533 vivit
1664 470 1816 529 Deo.
1890 468 2183 547 Perqnam
2212 466 2377 557 enirn
2406 467 2631 527 tennis

369 575 433 623 et
467 558 674 643 frigida
711 564 864 617 esset
899 552 1109 612 fiducia
1145 572 1214 611 ex
1253 549 1485 621 Christi,
1510 546 1939 607 resurrectione
1974 554 2292 625 concepta,
2328 564 2380 603 si
2415 542 2634 633 adim-e

371 639 646 701 interitus
685 643 786 693 aut
821 628 942 689 ulla
977 629 1226 688 mutatio
1263 643 1397 685 eum
1432 625 1709 683 maneret.
1782 622 1947 703 Ergo
1994 622 2289 702 ingressus
2336 636 2465 679 esse
2520 619 2632 676 dn-

373 705 980 847 ⁶³‘·¹¹‘.1‘⁶g¹¹t¹¹'”n⁰‘³’
1017 716 1095 795 ω·
1121 694 2633 837 Ρὶᾜῒεξ“ἵέ.ἷξ“ὲέιι’“ἔῗιῗήὲῗηῖ““ἰιῗὲῗῖἓηῖἶῖἱῗ

371 803 734 949 ἷιῗιῗρειῗιῗιέε
771 802 958 932 ινίιιῗεῗΙ
981 802 1151 936 ἓιῗιιιῗιι
1189 853 1274 913 illi
1310 846 1489 911 Pater
1524 848 1805 921 contulit,
1843 849 1914 909 ad
1954 792 2065 907 noli
2104 792 2308 909 omngs
2346 810 2637 937 extend-if-

377 958 475 1004 tur
514 960 578 1001 ae
623 948 824 998 nostra
862 944 966 994 est.
1043 929 1296 991 Videtur
1337 938 1535 988 tamen
1584 924 1748 1007 locus
1788 926 2003 985 Iesaiae
2038 926 2166 1015 (65,
2200 926 2320 1002 3.),
2368 943 2477 1003 qun
2516 921 2633 983 luc

295 1023 314 1029 ’
381 1016 706 1087 adducitur,
741 1011 814 1073 ad
887 1006 1201 1069 robandam
1227 1004 1447 1067 Christi
1482 1002 1973 1063 immortalitatem
2004 1000 2147 1060 nthil
2186 1000 2401 1074 facere,
2434 998 2634 1059 Dabo

377 1093 548 1159 vobis
597 1101 793 1151 sancta
891 1081 1028 1145 avid
1073 1080 1284 1141 fidelia.
1383 1080 1504 1139 Sed
1555 1099 1677 1139 non
1717 1079 1797 1137 ita
1836 1087 1953 1138 est:
2009 1096 2143 1135 nam
2182 1096 2362 1156 quum
2402 1075 2479 1135 de
2518 1094 2635 1133 re-

315 1229 324 1235 .
380 1168 718 1249 demptione
754 1159 963 1222 Davidi
1001 1158 1282 1239 promissa
1320 1154 1597 1235 loquatur
1644 1154 1886 1227 Iesaias,
1934 1163 1996 1211 et
2046 1171 2173 1211 eam
2232 1150 2505 1213 stabilem
2554 1170 2635 1211 ac

381 1248 550 1307 fixam
595 1242 725 1301 fore
762 1246 996 1311 asserat,
1032 1234 1167 1293 hinc
1205 1234 1318 1293 rite
1355 1232 1686 1314 colligimus
1722 1226 2048 1290 immortale
2087 1226 2309 1291 Christi
2346 1246 2637 1309 regnum,

381 1324 446 1383 in
482 1313 602 1399 'duo
642 1314 880 1375 fundata
917 1322 1007 1371 est
1054 1307 1363 1371 aeternitas
1410 1307 1621 1369 salutis.
1708 1304 1975 1366 Graecos
2026 1315 2217 1364 autem
2264 1307 2639 1384 interpretes

381 1422 658 1495 sequutus
697 1418 783 1466 est
819 1400 1063 1479 Paulus,
1113 1424 1290 1497 quum
1328 1402 1547 1462 Sancta
1581 1420 1691 1481 pro
1726 1392 2144 1495 misericordiis
2226 1396 2408 1491 osuit:
2474 1402 2631 1454 *vnn

383 1486 542 1575 quod
581 1491 962 1558 mansuetum,
1002 1481 1322 1563 benignum
1362 1490 1423 1541 et
1459 1481 1802 1542 clementem
1842 1476 2130 1561 significat
2231 1496 2385 1537 raeci
2423 1477 2635 1538 solent

383 1586 664 1646 Sanctum
700 1575 965 1636 reddere.
1039 1572 1188 1635 Ideo
1235 1573 1354 1641 hoc
1389 1572 1704 1634 loco'won
1778 1570 1969 1633 David
2042 1580 2347 1631 verterunt
2408 1568 2633 1630 Sancta

291 1709 298 1721 ,
384 1662 639 1736 Davidis,
677 1674 852 1739 quum
895 1654 1088 1738 potius
1127 1654 1416 1737 intelligat
1435 1652 1731 1735 Propheta
1768 1651 2107 1734 promissam
2127 1651 2338 1715 Davidi
2429 1654 2633 1711 atiam.

387 1738 508 1803 Sed
543 1737 660 1798 hoc
701 1732 940 1795 rudibus
981 1742 1044 1791 et
1077 1730 1316 1792 infirmis
1357 1731 1645 1792 concessit
1679 1728 1925 1803 Paulus,
1964 1728 2065 1809 qui
2103 1748 2343 1811 graecae
2406 1726 2636 1788 ectioni

386 1814 570 1897 magis
607 1808 820 1871 assueti
860 1820 1049 1868 erant:
1089 1806 1429 1888 praesertim
1468 1828 1647 1885 quum
1670 1806 1753 1869 vis
1788 1804 2109 1867 testimonii
2145 1804 2281 1865 alibi
2320 1803 2435 1866 sita
2454 1816 2633 1865 esset.

390 1895 528 1953 Hoc
579 1888 732 1949 enim
780 1886 840 1946 in
905 1905 1124 1944 summa
1171 1882 1295 1943 vult
1341 1878 1585 1957 Paulus,
1646 1882 1715 1942 si
1764 1893 2001 1943 aeterna
2052 1892 2138 1942 est
2182 1881 2401 1962 gratia,
2457 1902 2635 1961 quam

301 1998 306 2003 ·
391 1970 555 2029 Deus
601 1984 664 2025 se
711 1960 774 2025 in
813 1956 965 2020 Filio
1007 1959 1681 2040 daturum'pronuntiat,
1728 1958 1901 2019 vitam
1942 1956 2079 2017 Filii
2126 1957 2391 2017 similiter
2434 1968 2635 2017 aeter-

393 2066 529 2105 nam
579 2059 734 2114 esse‚
795 2056 906 2097 nec
953 2034 1262 2095 mutationi
1311 2034 1642 2096 obnoxiam.
1726 2032 2011 2101 Tenenda
2060 2044 2149 2093 est
2197 2032 2351 2093 enim
2402 2030 2635 2113 regula,

319 2174 328 2184 ,
439 2118 586 2180 uod·
617 2133 820 2177 omnes
867 2112 984 2172 Dei
1046 2110 1461 2192 promissiones
1521 2112 1581 2169 in
1625 2108 1862 2171 Christo
1908 2120 2045 2169 sunt
2094 2106 2283 2171 Etiam
2336 2120 2397 2169 et
2432 2106 2635 2169 Amen

393 2144 502 2273 al.
543 2191 685 2255 Cor.
725 2194 782 2263 1,
820 2188 977 2266 20),
1014 2208 1080 2247 ac
1119 2186 1365 2269 proinde
1402 2188 1602 2269 vigere
1639 2196 1934 2267 nequeant
1972 2186 2079 2247 nisi
2120 2204 2213 2247 eas
2249 2184 2517 2247 vivificet.

457 2267 466 2294 ¹
547 2276 644 2337 35.
697 2262 858 2325 'Non
884 2264 1174 2341 permittes
1208 2262 1488 2325 Sanctum
1520 2277 1695 2323 mmo.
1784 2261 1899 2321 Hic
1950 2258 2112 2323 locus
2162 2283 2195 2322 a
2231 2262 2414 2322 Petro
2454 2260 2631 2321 etiam

397 2342 678 2412 adductus
729 2342 840 2403 suit
883 2342 942 2402 in
997 2340 1178 2422 prima
1227 2339 1547 2414 concione,
1596 2360 1765 2420 qnam
1814 2361 1985 2420 supra
2032 2336 2233 2398 retulit
2268 2336 2452 2400 Lucas
2501 2359 2632 2419 cap.

396 2433 459 2502 2,
494 2431 609 2495 27.,
647 2419 748 2480 ubi
790 2437 922 2494 eum
944 2417 1206 2498 exposui:
1247 2414 1386 2477 illuc
1424 2417 1602 2498 igitur
1639 2416 1891 2476 lectores
1918 2435 1981 2476 se
2021 2411 2294 2476 reserant.
2368 2411 2635 2474 Tantum

397 2503 514 2563 hoc
554 2497 806 2559 breviter
844 2497 1156 2576 attingam,
1207 2493 1346 2553 duas
1383 2513 1557 2554 voces
1608 2492 1905 2553 hebraicas
1952 2511 2061 2570 pro
2102 2492 2371 2570 sepulcro
2410 2491 2557 2571 poni
2598 2511 2633 2552 a

352 2587 362 2604 ⁸
399 2575 658 2648 miride,
711 2583 774 2632 ut
821 2571 990 2631 tritae
1028 2581 1164 2632 sunt
1201 2568 1366 2649 apud'
1405 2588 1538 2630 eum
1576 2569 1987 2649 repetitiones,
2033 2588 2274 2647 quarum
2321 2569 2487 2648 prior
2524 2565 2633 2631 de-

403 2655 574 2714 ducta
615 2660 703 2711 est
739 2669 772 2708 a
811 2646 1311 2727 concupiscendo,
1360 2645 1497 2725 quia
1544 2643 1873 2725 sepulcrum
1912 2656 2187 2722 tanquam
2224 2661 2438 2726 gurges
2478 2643 2635 2704 insa-

400 2727 613 2790 tiabilis
655 2723 848 2785 omnia
887 2724 1154 2782 devoret:
1196 2721 1376 2782 altera
1414 2741 1553 2782 vero
1594 2743 1626 2782 a
1667 2719 2079 2800 corruptione,
2126 2720 2445 2780 secundum
2482 2719 2633 2780 hanc

401 2803 812 2885 etymologiam
850 2797 1102 2858 fideliter
1138 2817 1352 2879 graece
1385 2817 1681 2878 expressus
1720 2808 1808 2857 est
1842 2815 2039 2858 sensus
2076 2791 2347 2870 Davidis,
2394 2807 2635 2856 notatur

403 2879 559 2941 enim
595 2873 846 2956 sepulcri
869 2873 1132 2964 qualitaS,
1171 2893 1348 2952 quum
1379 2885 1675 2933 mortuum
1714 2873 1953 2939 cadaver
1988 2871 2195 2952 recipit
2234 2884 2294 2933 et
2330 2873 2491 2952 quasi
2526 2871 2635 2932 ab·

407 2955 642 3026 sorbet,
699 2962 766 3010 ut
825 2949 942 3009 ilhc
1003 2959 1296 3028 putrescat
1345 2955 1406 3007 'et
1452 2949 1685 3010 tandem
1723 2957 2131 3029 consumptum
2168 2959 2387 3028 pereat.
2462 2948 2533 3008 Id
2574 2950 2637 3012 in

405 3030 702 3092 Christum
741 3021 930 3084 solum
970 3033 1307 3102 competere
1346 3023 1595 3085 affirmat
1629 3023 1873 3100 Paulus,
1922 3023 2080 3104 quod
2120 3035 2376 3085 servatus
2424 3045 2458 3084 a
2495 3046 2633 3085 cor·-

403 3103 683 3184 ruptione
720 3098 991 3160 immunis
1034 3097 1236 3158 suerit:
1287 3117 1418 3157 nam
1510 3097 1631 3158 uod
1682 3101 1802 3160 eius
1842 3120 2050 3179 corpus
2096 3099 2158 3159 in
2210 3098 2481 3180 sepulcro
2520 3099 2635 3162 fuit

406 3179 739 3250 conditum,
788 3175 934 3235 nihil
973 3185 1284 3256 propterea
1323 3172 1463 3234 iuris
1544 3171 1703 3234 abuit
1740 3175 1799 3236 in
1837 3179 2025 3256 ipsum
2066 3174 2405 3256 corruptio,
2454 3197 2633 3257 quum

404 3255 524 3317 illic
560 3249 850 3348 integ-rum
888 3272 1010 3313 non
1049 3259 1426 3330 secus‘atque
1474 3249 1539 3310 in
1588 3249 1743 3312 lecto
1793 3253 2067 3328 iacuerit,
2126 3271 2309 3333 usque
2356 3251 2431 3312 ad
2480 3251 2631 3314 diem

406 3343 866 3398 resurrectionis.-
2628 3337 2635 3346 ·

555 3411 650 3472 36.
726 3401 938 3464 David
1091 3424 1146 3460 m
1191 3399 1366 3462 aetate
1408 3422 1547 3462 suae
1588 3403 1923 3464 inservisset.
2012 3403 2103 3465 Ne
2154 3402 2279 3486 quis
2344 3400 2631 3466 obiiceret

403 3477 526 3544 illic
573 3482 664 3564 agi
715 3481 787 3540 de
826 3480 973 3540 Davi
1016 3500 1080 3553 e,
1127 3487 1347 3540 mature
1401 3481 1655 3542 occurrit
1692 3479 1938 3554 Paulus,
1984 3501 2105 3542 non
2155 3481 2468 3552 convenire
2518 3481 2634 3544 hoc

407 3558 572 3620 omni
623 3577 692 3618 ex
784 3569 906 3618 arte
945 3554 1184 3634 Davidi,
1236 3555 1394 3616 cuius
1434 3555 1677 3618 cadaver
1725 3553 2032 3636 putredine
2080 3558 2139 3618 in
2178 3578 2239 3618 se
2282 3554 2446 3618 ulcro
2487 3579 2633 3618 con-

406 3645 697 3715 sumptum
735 3579 861 3694 Eut.
935 3631 1140 3694 Restat
1176 3653 1350 3714 ergo,
1444 3633 1535 3692 uia
1572 3633 1861 3714 singulare
1898 3634 1976 3692 sit
2010 3633 2164 3694 istud
2301 3633 2425 3693 risti
2462 3635 2633 3714 privi-

407 3707 645 3794 legium,
685 3709 757 3769 de
797 3729 868 3770 eo
907 3707 1279 3770 vaticinatum
1319 3708 1380 3768 in
1466 3704 1645 3789 piritu
1684 3709 1855 3769 fuisse
1875 3705 2179 3770 Davidem.
2253 3709 2489 3770 Interea
2524 3731 2633 3771 no-

407 3787 581 3848 tanda
619 3797 706 3846 est
753 3786 908 3845 inter
953 3783 1210 3844 membra
1248 3793 1307 3842 ει
1346 3796 1523 3864 caput
1558 3783 1901 3866 proportio:
1954 3805 2085 3846 nam
2136 3785 2309 3847 sicuti
2348 3785 2527 3878 plena
2576 3799 2633 3846 et

411 3860 674 3926 absoluta
711 3859 878 3922 huius
915 3856 1172 3922 vaticinii
1212 3860 1417 3920 veritas
1466 3859 1527 3921 in
1569 3857 1805 3922 Christo
1854 3861 1983 3923 solo
2034 3871 2307 3942 tanquam
2346 3884 2409 3922 ιιι
2448 3863 2633 3942 eapite

413 3937 626 4002 exstitit
690 3939 770 4000 ita
809 3938 866 3997 in
906 3936 1144 4020 singulis
1181 3935 1458 3998 membris
1494 3935 1645 3998 iuxta
1684 3937 1958 4017 cuiusque
1995 3939 2231 4000 modum
2272 3949 2335 3998 et
2372 3939 2631 4000 ordinem

411 4015 608 4077 locum
636 3981 835 4076 liabet-
915 4013 1114 4090 Quum
1163 4023 1355 4098 autern
1406 4014 1465 4072 in
1520 4013 1673 4074 hunc
1720 4013 1895 4074 finem
1932 4015 2313 4076 resurrexerit
2352 4014 2633 4088 Christus,

413 4103 480 4152 ut
517 4113 728 4174 corpus
769 4099 1030 4151 nostrum
1079 4086 1296 4149 humile
1345 4087 1675 4149 conformet
1712 4110 1814 4150 cor
1859 4089 1949 4150 ori
1996 4111 2101 4151 suo
2154 4090 2417 4173 glorioso
2457 4089 2633 4170 (Phil.

410 4173 470 4242 3,
506 4170 660 4244 21.):
721 4167 823 4227 hac
873 4165 1006 4248 lege
1060 4164 1145 4245 pii
1192 4163 1254 4222 in
1303 4161 1531 4228 foveam
1582 4165 1791 4228 descen
1835 4175 1970 4242 unt,
2028 4175 2096 4226 ut
2132 4187 2334 4228 eorum
2387 4188 2631 4260 corpora

341 4249 351 4254 “
408 4245 664 4376 Butredo
701 4264 822 4305 non
861 4241 1136 4304 absumat.
1211 4237 1371 4322 Ergo
1424 4241 1739 4305 secundum
1786 4261 1949 4324 spem
1998 4239 2231 4304 futurae
2276 4242 2628 4304 liberationis

471 4319 595 4380 avid
631 4321 758 4383 iure
793 4317 1122 4404 praedicat,
1165 4337 1228 4380 se
1266 4315 1701 4399 corruptionem
1755 4338 1877 4379 non
1916 4317 2199 4382 visurum:
2246 4338 2443 4400 neque
2483 4322 2629 4382 enim
