2788 4713
1081 310 1358 373 CAPUT
1400 295 1509 380 111'2
2361 332 2439 403 «ῃ

165 458 264 518 ult
317 454 520 533 enim,
581 454 782 533 Quum
807 450 1192 520 ,mscitassetx
1253 459 1421 539 quasi
1468 456 1648 522 verba
1706 458 1917 525 fierent
1974 462 2047 525 de
2094 483 2163 527 re
2198 468 2427 551 pridem

159 544 482 595 uansaeta.
561 532 772 594 Petrus
818 546 1015 597 autem
1067 534 1266 615 potius
1305 533 1621 619 intelligit,
1686 537 1990 600 excitatum
2024 542 2207 604 fuisse
2248 544 2427 609 Chri-

163 623 361 684 stum‚
421 608 530 670 ubi
571 621 838 671 ostensus
876 611 991 671 fuit
1029 610 1463 672 benedictionis
1502 625 1740 675 auctor:
1804 616 1964 707 quod
2002 638 2193 700 nuper
2231 634 2294 681 et
2331 643 2426 684 re-

217 700 357 746 ente
397 686 616 747 factum
658 688 884 747 animos
923 688 1106 769 magis
1143 688 1378 749 afficere
1430 688 1702 750 debebat.
1790 690 1891 750 Sic
1931 694 2086 753 enim
2125 696 2428 781 Scriptura
2506 728 2521 739 ·

167 708 348 843 foqui
383 763 556 839 solet,
597 764 1088 845 quemadmodum
1127 766 1188 825 in
1229 763 1500 845 proximo
1540 764 1675 827 loco
1714 766 1899 829 Musis
1957 768 2029 827 ad
2068 792 2241 851 quem
2280 775 2427 835 allu-

175 840 273 899 dit
321 839 544 900 Petrus.
675 841 948 901 Excitare
986 842 1344 923 Prophetam
1418 852 1507 901 est
1544 842 1835 903 instruere
1882 849 2219 907 necessariis
2258 850 2430 913 donis

176 916 258 977 ad
299 936 500 975 munus
537 937 708 976 suum
749 918 1206 998 exsequendum,
1268 926 1330 977 et
1367 918 1532 998 quasi
1582 919 1640 979 in
1682 918 1865 1003 gradu
1918 920 1936 935 ⁶
1978 941 2044 982 so
2093 926 2427 1005 prophetici

175 990 424 1053 honoris
463 991 777 1055 collocare.
852 994 941 1055 Ac
984 1005 1134 1055 tunc
1179 995 1416 1076 quidem
1464 994 1744 1056 excitatus
1770 1008 1881 1056 ‚est
1914 940 2211 1078 aristus,
2252 1022 2429 1081 quum

177 1070 396 1129 munus
433 1088 570 1149 pere
614 1070 664 1128 it
679 1069 796 1129 sibi
835 1092 868 1131 a
892 1070 1066 1131 Pa'tre
1089 1071 1469 1145 iniunctum,
1508 1072 1609 1131 sed
1649 1073 1922 1165 guotidie
1958 1074 2115 1135 idem
2146 1075 2212 1133 fit
2252 1099 2430 1157 quum

175 1164 298 1227 per
331 1144 564 1227 Evange
589 1150 706 1206 ium
751 1145 1034 1224 offertur,
1093 1162 1164 1208 ut
1201 1150 1362 1209 inter
1398 1168 1509 1208 nus
1550 1162 1825 1210 emineat.
1901 1148 1975 1209 In
2014 1150 2292 1214 adverbio
2334 1174 2433 1213 or-

173 1223 332 1283 dinis
373 1226 638 1297 prinum
685 1222 927 1284 diximus
977 1225 1171 1305 notari
1211 1225 1300 1286 ius
1340 1224 1877 1308 primogeniturae,
1974 1226 2070 1288 uia
2118 1250 2153 1289 a
2200 1229 2429 1292 Iudaeis

168 1299 446 1380 incipere
488 1298 788 1374 Christum
831 1301 1122 1381 oportuit,
1165 1312 1232 1362 ut
1267 1299 1475 1395 pos'tea
1514 1302 1791 1362 transiret
1827 1303 1898 1364 ad
2002 1306 2186 1365 entes.

329 1374 497 1434 Dum
531 1396 572 1435 ιι
909 1398 994 1436 ue.
1069 1378 1421 1439 Doctrinam
1461 1379 1871 1457 poenitentiae
1895 1378 2107 1440 iterum
2130 1401 2430 1443 commen-

171 1450 297 1529 dat,
341 1464 411 1511 ut
460 1452 746 1512 discamus
791 1474 860 1512 su
947 1451 1168 1516 Christi
1210 1455 1626 1516 benedictione
1664 1455 1971 1518 includere
2006 1457 2159 1519 vitae
2197 1460 2429 1521 novita-

169 1542 322 1589 tem:
362 1528 517 1589 sicut
556 1541 617 1587 et
653 1528 864 1589 Iesaias
904 1543 1213 1592 venturum
1252 1532 1903 1612 Sioni.redemptorem
1984 1534 2295 1603 romittens
2334 1556 2430 1597 re-

169 1606 548 1667 strictionem
573 1606 800 1681 attexit,
911 1606 967 1665 ui
1007 1606 1068 1667 in
1110 1608 1289 1669 Iacob
1332 1608 1603 1670 conversi
1640 1608 1869 1669 fuerint
1904 1632 1937 1669 a
2016 1610 2429 1691 iniquitatibus

168 1684 356 1743 suis.-
408 1682 624 1762 Neque
675 1684 830 1741 enim
922 1682 1136 1744 delium
1185 1697 1425 1765 peccata
1475 1682 1634 1745 delet
1672 1682 1979 1764 Christus,
2042 1699 2111 1747 ut
2155 1688 2266 1748 sibi
2314 1688 2431 1751 boc

215 1770 484 1821 raetextu
534 1756 606 1818 ad
655 1759 1018 1839 peccandum
1069 1761 1444 1845 indulgeant,
1498 1781 1701 1822 verum
1752 1760 1924 1822 simul
1976 1762 2182 1822 reddit.
2240 1784 2428 1827 novos

212 1835 464 1897 omines.
506 1833 858 1915 Quanquam
898 1835 1040 1897 haec
1081 1837 1200 1898 duo
1241 1858 1390 1919 quae
1431 1837 1753 1899 cohaerent
1787 1838 2071 1899 beneficia
2108 1841 2432 1919 prudenter

170 1914 352 1974 distin
441 1931 544 1971 ere
597 1912 909 1984 convenit,
965 1924 1035 1972 ut
1069 1926 1303 1975 maneat
1339 1914 1458 1975 boc
1496 1913 1972 1993 fundamentum,
2014 1923 2123 1975 nbs
2162 1917 2431 1979 reconci-

169 1989 302 2051 liari
397 1989 453 2049 ei
493 1987 749 2072 gratuita
785 1989 972 2049 venia.
1051 1988 1200 2064 Scio,
1229 1989 1303 2053 ab
1345 1988 1470 2051 aliis
1508 2010 1674 2051 secus
1713 1992 1884 2065 verti,
1926 1993 2027 2053 sed
2066 1990 2161 2052 bic
2199 2012 2429 2075 germa-

173 2088 282 2127 nus
322 2079 412 2127 est
449 2083 652 2126 sensus
691 2062 904 2123 Lucae.
981 2064 1076 2125 Ad
1113 2066 1356 2129 verbum
1398 2067 1559 2129 enim
1596 2066 1684 2129 sic
1722 2065 2025 2149 loquitur,
2065 2068 2141 2129 In
2182 2064 2429 2132 conver-

172 2144 358 2205 tendo
397 2151 882 2221 unumquemque
921 2149 952 2201 a
991 2141 1110 2203 suis
1147 2144 1405 2206 malitiis.

792 2369 1487 2528 'CAPUT
1598 2403 1743 2526 lv.⁸

349 2653 406 2719 1.
484 2649 932 2738 Loquentibns
969 2662 1182 2716 autem
1223 2649 1356 2716 illis
1399 2647 1484 2716 ad
1526 2647 1870 2736 populum,
1918 2661 2431 2735 supervenerunt
2542 2707 2564 2734 0

175 2751 738 2830 illisSacerdotes,
777 2763 839 2817 et
864 2751 1231 2840 praefectus
1255 2748 1502 2838 templi,
1542 2759 1606 2814 et
1632 2747 2012 2828 Sadducaei,
2094 2751 2155 2820 2.
2216 2753 2431 2841 Aegre

176 2855 462 2923 ferentes
487 2851 666 2939 quod
709 2855 831 2939 ipsi
861 2851 1178 2919 docerent
1214 2849 1549 2938 populum,
1592 2859 1659 2915 et
1699 2851 2149 2918 annuntiarent
2188 2855 2257 2920 in
2284 2853 2440 2922 Iesu

173 2957 714 3020 resurrectionem
761 2974 839 3017 ex
882 2954 1166 3018 mortuis.
1259 2954 1320 3017 3.
1371 2951 1457 3016 Et
1508 2953 1875 3016 iniecerunt
1922 2954 1992 3016 in
2034 2971 2151 3018 eos
2191 2975 2431 3035 manus,

177 3065 242 3120 et
281 3066 644 3142 posuerunt
683 3057 752 3119 in
793 3053 1146 3120 custodiam
1169 3073 1374 3142 usque
1409 3052 1477 3118 in
1516 3055 1889 3118 crastinum:
1930 3055 2264 3119 eratenim
2305 3057 2429 3121 iam

175 3177 468 3242 vespera.
563 3155 623 3220 4„
673 3152 870 3222 Multi
923 3163 1136 3219 autem
1191 3174 1417 3220 eorum
1456 3155 1573 3240 qui
1624 3151 2005 3218 audiverant
2054 3175 2432 3234 sermonem,

177 3255 630 3348 crediderunt:
685 3266 750 3322 et
791 3253 1000 3322 factus
1043 3264 1140 3318 est
1179 3274 1485 3320 numerus
1524 3255 1809 3336 virorum
1851 3254 2105 3319 circiter
2146 3257 2431 3343 quinque

177 3355 396 3422 millia:

329 3501 476 3562 Tria
523 3501 586 3560 in
647 3499 752 3562 bac
811 3499 1149 3562 narratione
1207 3499 1525 3582 praecipue
1572 3499 1749 3560 nobis
1809 3497 2230 3563 consideranda
2274 3515 2429 3564 sunt.

181 3579 368 3656 Quod
407 3576 758 3657 simulatque
797 3578 1051 3660 emergit
1086 3575 1391 3658 Evangelii
1440 3575 1691 3652 veritas,
1752 3595 1823 3638 ex
1883 3575 2127 3660 adverso
2190 3579 2431 3660 quibus-

181 3675 412 3736 cunque
453 3666 657 3736 potest
691 3655 882 3716 modis
920 3673 983 3714 se
1023 3653 1278 3746 opponit
1315 3651 1519 3726 Satan,
1560 3665 1623 3712 et
1660 3652 1857 3713 omnia
1895 3651 2140 3714 molitur
2158 3669 2227 3714 ut
2248 3657 2430 3733 ipsam

181 3730 651 3870 ἓΐέἔίῧὲξηεῖῗω
667 3730 1259 3868 ³?„ssm11'f‘252'3'ss‘m
1289 3729 1569 3865 {533⁰}ss
1586 3727 1852 3866 ’ffmssss‘t'i'
1862 3729 2126 3886 ,2235ssss
2160 3731 2431 3868 ,miz

180 3905 388 3946 omnes
409 3883 660 3944 Satanae
681 3883 997 3960 machinas,
1021 3849 1130 3944 nec,-
1155 3881 1473 3962 impierum
1494 3881 1813 3942 violentiae
1834 3882 2061 3943 cedant.
2100 3883 2432 3957 Postremo,

180 3961 579 4022 observandus
619 3971 710 4020 est
746 3974 1008 4035 eventus,
1051 3959 1211 4040 quod
1254 3965 1553 4039 utcunque
1606 3977 1789 4038 penes
1838 3959 2195 4019 adversarios
2242 3959 2432 4048 irnpe-

179 4040 334 4098 rium
373 4049 437 4096 et
473 4057 696 4097 summa
735 4056 934 4096 rerum
967 4055 1091 4096 esse
1124 4035 1425 4110 videatur,
1496 4047 1557 4093 et
1578 4035 1703 4115 ,ipsi
1742 4034 1812 4098 ad
1854 4033 2165 4095 delendum
2206 4032 2429 4094 Christi

179 4133 398 4175 nomen
441 4112 590 4172 nibil
630 4113 928 4186 omittant,
979 4124 1184 4173 contra
1220 4123 1414 4172 autem
1452 4131 1623 4171 sanae
1647 4110 1951 4172 doctrinae
1990 4109 2238 4170 ministri
2267 4108 2431 4170 velut

179 4211 318 4250 oves
358 4190 482 4250 sint
519 4189 581 4248 in
623 4189 888 4249 faucibus
927 4187 1221 4268 luporum,
1261 4187 1426 4247 Deus
1462 4198 1658 4246 tamen
1696 4187 1831 4246 Filii
1870 4188 1961 4247 sui
1999 4205 2245 4266 regnum
2284 4205 2429 4265 pro-

183 4279 390 4349 pagat,
457 4285 758 4326 accensam
794 4265 1099 4347 Evangelii
1139 4264 1228 4324 sui
1277 4265 1471 4324 lucem
1508 4265 1705 4334 fovet,
1764 4262 2126 4338 salutemque
2187 4281 2427 4320 suorum

183 4355 396 4404 tuetur.
475 4341 759 4419 Proinde,
797 4341 1029 4423 quoties
1063 4342 1366 4401 exoriente
1381 4337 1689 4420 Evangelii
1729 4337 1998 4397 doctrina
2037 4333 2178 4394 varii
2219 4349 2429 4396 eontra

185 4431 374 4482 motus
411 4415 759 4502 insu‘rgunt,
823 4416 1140 4496 multisque
1178 4413 1495 4478 obstaculis
1531 4411 1831 4547 turbatu‘r*
1842 4411 1967 4469 eius
2000 4429 2238 4486 cursus,
2304 4429 2429 4468 non
