2788 4713
970 243 1566 334 Altonum-run.
2291 287 2387 339 xv

155 421 236 482 sni
283 417 566 480 comitem
605 431 835 496 semper
873 412 1036 490 fore,
1081 433 1205 474 non
1259 425 1346 476 est
1384 411 1543 494 quod
1590 433 1882 480 nos·vana
1930 409 2035 498 s‘pe
2090 418 2386 497 lactemus,

155 512 312 592 qnasi
369 505 688 588 tranquilla
747 507 1084 588 florensque
1132 505 1431 569 Ecclesiae
1486 507 1747 569 conditio
1802 509 1903 570 hic
1961 511 2161 574 sutura
2218 509 2384 574 esset.

158 607 348 666 Simus
391 621 536 684 ergo
577 613 638 661 et
683 621 794 661 nos
833 599 906 660 ad
953 597 1156 661 similia
1193 599 1543 681 perferenda
1584 605 1916 683 comparati.
1991 603 2243 668 Additur
2277 630 2379 671 an·
2434 631 2465 688 χ

157 711 278 758 tem
328 694 432 756 illa
476 715 592 754 non
643 691 785 753 le'vls
837 693 1190 768 consolatio,
1243 692 1400 773 quod
1448 692 1621 754 sicuti
1660 693 1975 756 Ecclesiam
2022 717 2179 758 suam
2217 699 2381 764 Deus

159 789 306 848 olim
347 799 436 850 tot
467 787 655 848 modis
693 787 971 848 afflictam
1011 797 1071 848 et
1110 805 1439 868 oppressam
1477 787 1825 849 mirabiliter
1860 791 2122 864 servavit,
2156 793 2235 854 ita
2273 816 2383 857 no-

165 881 250 941 his
287 880 460 942 hodie
495 893 735 960 quoque
783 881 856 940 sit
895 880 1196 940 affuturus.
1279 877 1427 939 Nam
1468 891 1629 940 certe
1668 901 1848 963 quum
1897 891 2061 940 totus
2104 881 2198 944 hic
2233 885 2385 949 liber

171 971 470 1032 Ecclesiam
509 973 664 1033 in'ter
703 974 1004 1034 continuas
1040 983 1250 1032 mortes
1281 984 1601 1032 versantem
1640 964 1901 1034 sola'D‘ei
1944 993 2117 1034 manu
2156 982 2383 1062 protegi

169 1065 396 1141 doceat,
447 1064 572 1148 ipse
609 1065 772 1128 Dens
819 1067 932 1126 hoc
975 1063 1156 1125 modo
1196 1063 1651 1145 singularem'in
1701 1065 2071 1147 procuranda
2108 1067 2260 1129 illius
2296 1092 2386 1133 sa-

165 1157 279 1217 lute
307 1180 490 1220 -suam
539 1159 964 1239 providentiam
1014 1155 1186 1217 nobis
1232 1169 1364 1218 ante
1415 1159 1615 1219 oculos
1662 1160 1851 1240 ponit.
1928 1157 2242 1225 Praeterea
2292 1163 2387 1226 hic

161 1253 473 1312 recitantur
507 1249 828 1314 nonnullae
866 1243 1284 1331 Apostolorum
1323 1251 1670 1326 conciones,
1717 1269 1863 1331 quae
1910 1253 1997 1313 sic
2035 1253 2110 1313 de
2160 1256 2388 1316 miseri·-

159 1345 352 1405 cordia
388 1345 588 1422 illius,
647 1346 720 1406 de
761 1343 974 1406 Christi
1021 1341 1233 1424 gratia,
1281 1341 1351 1401 de
1389 1361 1495 1422 spe
1543 1342 1746 1403 beatae
1783 1345 2260 1422 immortalitatis,
2293 1350 2387 1410 'de

159 1437 524 1498 invocatione
562 1439 708 1513 Dei,
747 1437 820 1498 de
869 1433 1225 1518 poenitentia
1274 1431 1507 1513 Deique
1556 1434 1765 1497 timore
1803 1447 1865 1495 et
1901 1434 2022 1499 aliis
2061 1442 2387 1523 praecipuis

157 1527 422 1590 eoelestis
443 1529 750 1592 doctrinae
786 1527 1065 1608 capitibus
1105 1524 1416 1599 disserunt,
1456 1537 1522 1610 ut
1560 1548 1681 1588 non
1720 1526 1953 1588 aliunde
1990 1542 2119 1591 tota
2155 1532 2384 1611 pietatis

158 1641 374 1680 summa
413 1623 665 1701 petenda
684 1623 778 1684 sit.
857 1620 1166 1681 Caeterum
1204 1630 1272 1678 ut
1293 1617 1598 1679 doctrinae
1634 1639 1805 1680 sanae
1847 1633 1907 1680 et
1942 1642 2121 1702 purae
2142 1625 2382 1706 explica-

163 1711 388 1770 tionem
425 1733 575 1774 nunc
616 1715 902 1786 omittam,
938 1711 986 1772 si
1021 1729 1114 1772 res
1150 1722 1286 1771 sunt
1322 1710 1566 1792 cognitu
1601 1712 1877 1792 imprimis
1916 1714 2128 1796 dignae
2164 1737 2229 1777 ac
2266 1719 2383 1780 uti-

163 1802 274 1876 les,
319 1815 518 1865 tenere
565 1804 738 1888 quale
791 1805 967 1864 fuerit
1016 1803 1378 1865 Christianae
1414 1802 1711 1864 Ecclesiae
1758 1806 2089 1882 exordium,
2134 1810 2383 1889 qualiter

161 1896 428 1976 auspicati
473 1899 590 1959 sint
633 1895 940 1978 Evangelii
980 1896 1473 1976 praedicationem
1522 1895 1827 1976 Apostoli,
1877 1919 2022 1978 quos
2070 1897 2383 1965 habuerint

161 2007 524 2070 mugra-ns,
593 1999 656 2050 et
715 1988 932 2068 quihus
987 1989 1209 2050 interea
1267 1987 1479 2071 pugnis
1533 1989 1831 2050 exercitati
1904 1990 2152 2066 fuerint,
2212 2015 2381 2074 quam

159 2097 390 2144 stre-ne
425 2097 490 2142 et
527 2081 766 2144 fortiter
797 2081 1160 2161 perrexerint
1193 2081 1350 2142 inter
1382 2092 1477 2144 tot
1516 2082 1831 2158 obstacula,
1868 2103 2039 2164 quam
2078 2087 2385 2168 magnifice

161 2177 228 2236 de
263 2187 394 2236 tota
429 2175 633 2235 mnudi
669 2171 944 2254 superbia
981 2173 1088 2235 suh
1127 2175 1314 2235 crucis
1351 2175 1671 2257 ignominia
1718 2176 2160 2257 triumpharint,
2208 2202 2381 2258 quam

165 2265 415 2328 mirifice·
437 2267 548 2328 illis
585 2267 750 2328 Deus
789 2263 1060 2342 affuerit,
1097 2265 1268 2328 nobis
1307 2266 1459 2328 hunc
1497 2267 1709 2328 librum
1760 2266 2045 2348 imprimis
2082 2291 2381 2334 commen-

165 2362 354 2421 datum
393 2378 520 2421 esse
555 2361 754 2421 decet:
813 2361 912 2439 qui
965 2360 1394 2445 nisi-exstaret,
1444 2372 1733 2422 tantarum
1782 2382 1973 2421 rerum
2022 2354 2116 2423 vel
2162 2368 2385 2445 sepulta

161 2465 328 2527 esset,
361 2452 454 2513 vel
491 2453 686 2513 multis
727 2451 985 2513 tenebris
1022 2452 1301 2526 involuta,
1337 2452 1430 2514 vel
1470 2453 1832 2515 dubitatione
1874 2453 2147 2535 implicita
2172 2461 2381 2539 cogni-

161 2548 274 2604 tio.
343 2546 613 2605 Videmus
651 2546 805 2605 enim
845 2545 1118 2605 Satanan}
1169 2544 1444 2625 quicquid
1486 2546 1715 2606 artificii
1756 2544 1959 2604 habuit
2009 2546 2123 2607 huc
2169 2560 2379 2610 contu-

165 2638 320 2711 lisse,
363 2648 426 2695 nt
463 2636 612 2696 nibil
647 2637 722 2694 de
755 2637 926 2698 rebus
965 2637 1140 2718 gestis
1175 2634 1598 2715 Apostolorum
1638 2647 1887 2697 exstaret
1924 2636 2034 2695 nisi
2071 2640 2383 2704 mendaciis

163 2746 482 2807 aspersum,
533 2750 654 2809 quo
699 2743 1026 2809 suspectum
1065 2728 1338 2789 redderet
1375 2726 1649 2805 quicquid
1690 2725 1763 2786 de
1798 2726 1909 2787 illis
1948 2728 2266 2806 diceretur,
2312 2755 2383 2795 ac

165 2820 392 2881 dmum
427 2833 610 2883 totam
655 2822 872 2882 saeculi
921 2819 1072 2881 illins
1117 2820 1456 2880 memoriam
1503 2839 1571 2879 ex
1618 2818 1849 2899 piorum
1897 2822 2101 2884 animis
2140 2822 2379 2888 deleret.

165 2912 308 2972 Nam
345 2913 433 2973 vel
470 2914 686 2975 deliros
725 2912 1020 2984 homines,
1057 2912 1152 2973 vel
1192 2922 1411 2974 astutos
1448 2910 1894 2975 subsannatores
1938 2917 2231 2994 excitavit,
2279 2921 2379 3001 qni

167 3004 536 3087 supposititiis
587 3006 926 3066 nominibus
965 3005 1192 3087 putidas
1242 3004 1462 3065 fabulas
1498 3018 1867 3088 spargerent,
1914 3028 2157 3089 quarum
2196 3012 2379 3075 insul-

163 3098 294 3157 sitas
330 3098 496 3158 fidem
535 3099 712 3159 etiam
749 3097 898 3159 veris
939 3098 1184 3159 historiis
1203 3096 1523 3179 abrogavit.
1556 3128 1561 3135 ¹
1601 3098 1701 3159 Sic
1740 3098 1942 3175 libelli,
1980 3102 2174 3181 quide
2196 3106 2378 3168 Petro

167 3204 228 3249 et
261 3190 444 3251 Panlo
489 3191 596 3251 sub
645 3190 782 3250 Lini
833 3192 1070 3251 nomine
1120 3189 1638 3266 circumferuntur,
1696 3204 1813 3251 tam
1870 3194 2096 3273 putidas
2148 3199 2379 3260 naenias

169 3284 486 3357 continent,
523 3298 586 3344 ut
623 3284 770 3345 nihil
807 3306 973 3365 quam
1020 3284 1194 3345 risum
1233 3281 1511 3362 profanis,
1548 3284 1903 3345 stomachum
1944 3286 2111 3365 bonis
2142 3310 2378 3357 movero

171 3390 392 3452 queant.
481 3378 582 3437 Sic
629 3376 838 3439 ficticia
877 3378 1188 3459 disputatio
1227 3376 1389 3435 Petri
1431 3396 1559 3435 cum
1599 3376 1839 3437 Simone
1878 3400 2045 3460 mago
2084 3392 2198 3441 tam
2235 3380 2379 3444 ridi-

169 3466 290 3525 cula
325 3480 446 3543 est,
479 3481 548 3529 ut
583 3470 834 3530 dedecus
874 3470 1080 3530 afferat
1115 3468 1336 3529 nomini
1378 3467 1725 3529 Christiano.
1804 3470 1964 3530 Idem
2007 3473 2077 3532 de
2116 3486 2240 3535 tota
2280 3477 2377 3538 illa

171 3558 448 3643 farragine
485 3562 887 3639 sentiendum,
929 3581 1075 3643 quae
1115 3560 1437 3622 Clementis
1475 3562 1978 3643 recognitionibus
2017 3578 2077 3625 et
2114 3569 2376 3632 conciliis

171 3654 432 3729 praten,
481 3667 543 3715 et
579 3656 752 3715 citata
797 3656 856 3715 in
895 3654 1162 3715 Gratiani
1213 3652 1527 3732 rhapsodiis
1566 3666 1828 3715 veterum
1866 3659 2165 3720 nominum
2204 3682 2374 3741 prae..

167 3754 316 3805 textu
353 3748 651 3829 inperitos
688 3746 934 3822 fallunt,
979 3749 1052 3809 ab
1093 3745 1373 3827 improbis
1424 3756 1690 3826 tanquam
1730 3748 1964 3809 oracula
2000 3754 2374 3832 superciliose

165 3855 278 3897 uon
337 3838 524 3917 minus
587 3858 760 3919 qnam
823 3840 1194 3920 impudenter
1251 3839 1571 3911 iactantur,
1652 3861 1827 3920 quum
1896 3842 2199 3923 pudendae
2258 3846 2375 3907 sint

165 3932 410 3992 naeniae.
487 3932 616 3992 Hac
651 3932 978 3996 mentiendi
1015 3930 1244 3994 licentia
1283 3929 1491 3993 abusus
1531 3942 1617 3992 est
1654 3932 1853 4006 Satan,
1891 3947 1955 3994 ut
1992 3949 2124 4017 post
2150 3937 2373 3999 Christi

163 4018 220 4081 iu
257 4022 450 4086 coelos
487 4044 788 4087 ascensum
829 4022 970 4085 nihil
1009 4024 1152 4085 certi
1191 4032 1536 4084 teneremus.
1610 4024 1701 4085 Ita
1734 4025 1843 4085 nisi
1879 4025 1991 4088 hoc
2014 4028 2205 4088 Lucae
2242 4050 2373 4091 mo·-

163 4130 488 4179 numeutnm
531 4128 804 4192 exstaret,
839 4116 1020 4177 videri
1055 4127 1256 4196 posset
1280 4114 1545 4176 Christus
1582 4116 1641 4176 in
1680 4116 1908 4179 coelum
1948 4117 2201 4181 sublatus
2240 4123 2373 4183 nul-

163 4200 276 4267 Ιιιιι
321 4209 382 4271 in
423 4212 595 4273 terris
647 4228 790 4271 suae
835 4210 1036 4271 mortis
1083 4218 1184 4269 aut
1246 4208 1687 4269 resurrectionis
1744 4208 1991 4271 fructum
2045 4211 2372 4291 reliquisses

161 4316 284 4361 nam
321 4306 516 4369 omnia
539 4324 678 4367 cnm
711 4302 836 4363 eius
856 4320 1106 4383 corpore
1135 4300 1513 4363 evanuissent.
1562 4300 1948 4373 Nesciremus,
1970 4300 2054 4361 sie
2074 4316 2372 4381 receptum
