2788 4713
1018 239 1291 310 CAPUT
1330 237 1456 310 xx,
1503 269 1508 278 ·
1943 225 1948 230 ’
2253 257 2370 320 ms

140 381 395 458 Iudaeis
434 390 621 458 simul
666 403 733 460 et
768 390 1070 491 Graecis,
1127 371 1291 482 duae
1346 397 1414 490 in
1453 393 1665 462 Deum
1709 405 1842 486 est,
1887 395 2366 484 poenitentiam,

140 504 208 558 et
246 489 475 572 fidem,
520 513 685 580 quae
730 503 825 560 est
852 485 943 560 'in'
972 491 1321 561 Dominum
1360 508 1648 564 nostrum
1685 497 1895 562 Iesum
1944 487 2286 568 Christum.
2350 565 2360 574 .

292 629 385 688 16.
460 623 851 698 Proposum
884 627 1033 684 enirn
1068 623 1304 688 Paulus.
1378 623 1640 684 Dubium
1677 643 1798 686 non
1841 637 1927 686 est
1959 628 2094 707 quin
2133 651 2368 716 magnas

140 709 204 757 et
240 717 439 780 graves
488 699 758 760 babuerit
808 700 1116 760 festinandi
1165 703 1383 761 c‘a'usas:
1436 721 1557 760 non
1603 701 1767 836 “quod
1799 701 1935 776 ⁴diei
1985 703 2186 786 religio
2241 718 2370 767 tan-

138 785 267 834 tum
306 776 457 858 apud
496 775 655 836 illum
696 775 943 851 valeret,
990 778 1091 837 sed
1133 777 1265 856 quia
1322 777 1389 837 ad
1432 777 1551 837 dies
1631 790 1782 837 estos
1820 777 2078 858 undique
2118 783 2370 843 advenae

139 851 603 932 Hierosolymam
645 853 943 912 confluere
981 852 1287 912 solebant:
1347 853 1548 928 Quum
1579 854 1654 915 ,iu
1703 865 1857 913 tanta
1909 853 2206 919 bominum
2253 859 2371 917 fre-

178 928 381 1008 ⁴nentia
418 949 480 988 se
519 929 785 988 nonnihil
826 929 1222 1009 profecturum
1262 939 1550 1009 speraret,
1598 929 2128 992 occasioni·deesse
2169 932 2370 992 noluit.

140 947 400 1064 §ciamus
451 1023 611 1086 ergo·
644 999 887 1089 legalem
941 1005 1157 1064 cultum
1208 1026 1328 1064 non
1379 1004 1555 1065 fuisse
1601 1006 1661 1064 iu
1702 1027 1899 1076 causa,
1951 1019 2018 1066 ut
2061 1013 2371 1088 tantopere

140 1086 516 1171 properaret,
581 1080 694 1154 sed„
731 1081 1021 1141 Ecclesiae
1084 1080 1558 1142 aedificationem
1601 1081 1800 1144 suisse-
1833 1081 1920 1143 illi
1983 1082 2370 1162 pro-positam:

134 1169 349 1234 partim
412 1169 479 1218 ut
526 1155 791 1218 fidelibus
852 1168 1115 1216 narraret
1172 1163 1556 1248 propagatum
1617 1157 1790 1218 fuisse
1839 1158 2056 1219 Christi
2108 1167 2374 1246 regnum,

132 1233 349 1314 partim
388 1245 480 1308 ut,
527 1233 575 1293 si
618 1233 719 1312 qui
760 1245 951 1292 essent
1000 1233 1182 1292 adhuc
1233 1232 1476 1293 alieni-a
1522 1233 1792 1308 Christo,
1833 1255 1942 1300 ,eos
1982 1233 2372 1311 lucrifaceret,

134 1309 357 1388 partim,
386 1319 455 1370 ut
498 1308 903 1389 improborum
944 1307 1243 1368 bominum
1282 1309 1588 1375 calumnias
1625 1309 1937 1369 refelleret.
1977 1323 1984 1335 ¹
2037 1311 2374 1372 Notandum

132 1396 331 1444 tamen
372 1397 490 1458 est,
528 1385 977 1467 ipsum·interea
1014 1385 1247 1464 reliquis
1282 1383 1554 1445 Ecclesiis
1593 1387 1930 1446 consulere.‘
1990 1386 2376 1466 Presbyteros

138 1460 299 1519 enim
336 1461 664 1540 Ephesinos
704 1461 965 1519 Miletum
1006 1479 1301 1522 accersens
1338 1475 1402 1520 se
1427 1461 1634 1522 'Asiam
1675 1481 1798 1522 non
1838 1462 2138 1544 negligere
2178 1471 2378 1524 osten-

138 1537 244 1596 dit.
324 1537 506 1610 Quod
558 1547 747 1595 autem
790 1533 983 1600 vocati
1021 1538 1414 1614 conveniunt,
1457 1545 1584 1604 'non
1633 1537 1820 1612 modo,
1866 1540 2216 1598 concordiae
2276 1539 2378 1600 sed

136 1611 459 1694 modestiae
500 1625 736 1746 quotffue
772 1612 997 1704 signum
1037 1624 1153 1674 est:
1200 1613 1307 1674 etsi
1356 1613 1510 1675 enim
1550 1612 1742 1693 plures
1783 1626 1974 1687 erant,
2027 1615 2130 1677 uni
2179 1626 2373 1676 tamen

128 1687 365 1748 Christi
404 1691 629 1770 Aposto
657 1711 720 1762 o,
762 1709 929 1768 quem
968 1688 1350 1772 singularibus
1390 1690 1562 1749 donis
1597 1690 1859 1749 sciebant
1897 1690 2208 1764 excellere,
2243 1711 2374 1752 mo-

136 1777 267 1824 rem
308 1783 514 1844 gerere
552 1765 705 1851 ipsos
744 1785 865 1823 non
904 1767 1080 1846 piget.
1166 1767 1357 1832 Porro
1413 1765 1690 1826 seniores
1740 1767 1882 1842 dici,
1937 1787 2056 1826 non
2097 1769 2196 1846 qui
2235 1788 2375 1848 pro·

134 1851 339 1900 vectae
391 1843 582 1899 essent
633 1842 862 1914 aetatis,
919 1841 1019 1901 sed
1072 1844 1170 1921 qui
1220 1853 1552 1921 praeessent
1597 1838 1922 1916 Ecclesiae,
1982 1861 2047 1902 ex
2099 1856 2376 1904 contextu
2471 1901 2476 1904 .

138 1915 348 1976 clarius
386 1916 631 1998 patebit.
705 1919 809 1976 Est
846 1929 1037 1976 autem
1076 1918 1347 1980 usitatum
1392 1917 1513 1976 fere
1553 1918 1824 1978 omnibus
1862 1918 2101 2000 linguis,
2153 1930 2220 1979 ut
2263 1921 2375 1979 Se-

138 1991 247 2052 nes
298 2012 364 2052 ac
413 1991 615 2052 Patres
664 2003 979 2067 vocentur,
1040 1995 1139 2075 qui
1190 1995 1265 2054 ad
1312 1994 1474 2054 ‘alios
1531 1995 1824 2078 regendos
1882 1995 2164 2075 praefecti
2217 2007 2373 2073 sunt,

136 2068 365 2130 etiamsi
403 2089 523 2129 uon
564 2089 791 2149 semper
828 2081 979 2130 aetas
1020 2071 1385 2150 respondeat.

289 2149 383 2209 18.
475 2141 608 2204 Vos
640 2138 809 2207 scitis.
896 2147 963 2204 In
1005 2147 1111 2207 bac
1150 2147 1440 2209 concione
1465 2131 1786 2228 praecipue
1821 2145 1938 2207 huc
1975 2146 2184 2208 insistit
2219 2148 2376 2209 Pau-
2461 2145 2466 2150 ⁸

136 2220 260 2294 lus,
310 2232 376 2280 ut
414 2238 559 2300 quos
598 2223 647 2282 E
694 2223 811 2284 hesi
851 2228 1145 2282 creaverat
1184 2224 1485 2297 Pastores,
1531 2243 1641 2282 suo
1691 2224 1954 2304 exemplo
1998 2225 2268 2284 hortetur
2305 2225 2376 2285 ad

136 2314 347 2356 munus
392 2319 557 2363 suum
606 2244 858 2356 fideliter
903 2297 1324 2381 peragendum:
1378 2301 1664 2356 sic·enim
1715 2300 1824 2356 rite
1874 2299 2066 2379 agitur
2113 2320 2382 2377 censura,-

124 2381 201 2432 'et
241 2374 335 2433 bic
375 2373 676 2432 doctrinae
717 2374 1033 2451 acquiritur
1069 2376 1410 2446 auctoritas,
1463 2392 1646 2452 quum·
1681 2372 1822 2431 nihil
1858 2374 2052 2433 verbis
2093 2378 2377 2454 praescri-

136 2448 232 2509 bit
267 2450 497 2520 doctor,
538 2450 693 2527 quod
736 2468 856 2507 non
898 2449 1122 2538 reipsa
1161 2462 1295 2507 ante
1334 2448 1697 2526 praestiterit.
1747 2448 2210 2509 ‘'Paitluni·xr‘ero
2249 2472 2378 2512 suas

132 2526 387 2585 virtutes
435 2525 795 2604 praedicare,
846 2524 1083 2583 minime
1130 2524 1456 2584 absurdum·
1491 2520 1615 2593 fuit.
1693 2522 1852 2581 Nihil
1885 2524 2134 2601 ·quidem
2188 2528 2416 2588 minus·

131 2598 445 2661 tolerabile
485 2614 571 2659 est
610 2602 665 2659 in
709 2598 926 2660 Christi
964 2600 1137 2659 servis
1178 2616 1347 2679 quam
1389 2598 1630 2658 ambitio
1672 2610 1731 2658 et
1765 2598 2012 2674 vanitas,
2057 2602 2155 2660 sed
2199 2624 2378 2682 quum

136 2677 411 2740 omnibus
452 2676 1145 2769 probe·cognita-esset
1202 2676 1485 2734 inodestia
1545 2684 1605 2733 et
1661 2672 1952 2735 humilitas
2009 2678 2192 2751 sa'ncti
2241 2679 2377 2754 viri,

134 2754 377 2813 minime
423 2754 741 2813 timendum
796 2753 935 2825 suit,
992 2772 1067 2811 ne
1114 2752 1172 2811 in
1222 2752 1614 2831 suspicionem
1679 2751 1984 2810 iactantiae
2034 2753 2378 2829 incurreret,

129 2830 480 2911 'praesertim
528 2828 1104 2920 quumnecessitate
1166 2840 1401 2889 coactus
1451 2826 1620 2885 fldem
1681 2838 1741 2911 et
1799 2826 2156 2908 ‘diligentiam
2189 2846 2376 2891 ‘suam

134 2905 433 2985 proferret
470 2905 592 2966 aliis
633 2906 691 2964 in
734 2904 1073 2984 exemplum.
1138 2904 1470 2985 ·Maguifice
1511 2903 1744 2983 quidem
1783 2904 2014 2964 labores
2055 2914 2220 2981 suos,
2274 2928 2378 2986 pa-

134 2982 419 3057 tientiam,
457 2980 881 3055 fortitudinem,
921 2993 979 3040 et
1020 2980 1265 3061 reliquas
1296 2982 1534 3039 virtutes
1565 2980 1886 3059 praedicatt
1934 2982 2034 3040 sed
2061 2986 2376 3061 quorsum?

138 3058 322 3120 Certe
372 3075 491 3118 non
546 3070 611 3117 ut
656 3058 917 3139 plausum
968 3070 1232 3138 reportet
1282 3057 1355 3117 ab
1407 3056 1800 3128 auditoribus,
1856 3056 1957 3115 sed
2007 3066 2082 3115 ut'
2119 3060 2376 3120 acriores

134 3146 335 3195 sancta
392 3156 493 3194 sua
558 3135 879 3196 eibortatio
939 3136 1170 3195 aculeos
1234 3132 1471 3206 babeat,
1539 3147 1600 3192 et
1651 3134 1878 3213 penitus
1921 3133 2094 3193 infixa
2145 3134 2380 3195 baereat

134 3208 657 3289 ipsorumanimis.
757 3213 927 3271 Alter
963 3212 1133 3271 etiam
1172 3210 1254 3271 illi
1294 3211 1402 3269 fuit
1431 3230 1685 3291 scopus,
1737 3222 1802 3266 ut
1839 3222 1939 3283 sua
1979 3210 2275 3291 integritas
2315 3214 2376 3271 in

122 3290 437 3366 'posterum
502 3286 723 3347 valeret
785 3289 855 3347 ad
919 3288 1218 3347 doctrinae
1281 3286 1868 3345 commendationem.
1970 3286 2128 3346 (litat
2183 3300 2376 3347 autem

139 3360 403 3422 oculatos
441 3372 645 3431 testes,
696 3382 771 3421 ue
810 3364 1067 3421 videatur
1118 3364 1193 3421 de
1242 3360 1415 3420 rebus
1453 3361 1670 3441 ignotis
1709 3361 1885 3437 verba
1925 3360 2135 3437 facere.
2215 3363 2380 3423 Ocu-

136 3438 290 3497 latos
330 3437 491 3512 dico,
545 3439 645 3515 qui
693 3458 813 3497 non
856 3440 1031 3498 modo
1074 3448 1369 3517 comperta
1415 3427 1714 3495 habebant
1752 3438 1978 3511 omnia,
2026 3438 2128 3497 sed
2169 3460 2378 3521 purum

136 3531 376 3595 quoque
416 3512 703 3591 nullisque
739 3513 1045 3573 affectibus
1086 3523 1424 3591 corruptum
1465 3511 1758 3570 iudicium.

290 3596 382 3655 19.
443 3588 707 3647 Serm‘ens
743 3589 1012 3649 Domino.
1083 3590 1525 3648 Commemorat
1560 3587 1771 3666 primo,
1809 3608 1936 3647 non
1969 3589 2152 3650 modo
2193 3612 2380 3669 quan-

134 3676 225 3727 tas
265 3664 1018 3737 difficultatessustiuuerit,
1070 3666 1171 3724 sed
1211 3664 1453 3722 maxime
1488 3683 1644 3721 suam
1687 3663 2090 3738 bumilitatem,
2131 3668 2382 3727 coniun-
2453 3666 2460 3673 ⁸

137 3751 290 3803 ctam
332 3760 463 3801 cum
500 3741 699 3799 muudi
739 3753 1079 3821 contemptu
1118 3752 1180 3799 et
1218 3738 1448 3819 probris
1488 3738 1722 3819 aliisque
1759 3740 2199 3803 afflictionibus:
2262 3746 2380 3802 acsi

136 3818 392 3894 diceret,
442 3838 563 3876 non
615 3829 689 3877 se'
728 3817 1049 3876 honorilice
1097 3816 1187 3875 vel
1236 3830 1366 3874 cum
1423 3814 1620 3893 plausu
1673 3816 1842 3877 fuisse
1891 3838 2026 3878 exce
2071 3831 2227 3892 tum,
2276 3819 2380 3878 sed

134 3893 247 3957 sub
300 3892 726 3972 contemptibili
766 3894 969 3953 ·crucis
1030 3894 1216 3952 forma
1262 3904 1548 3951 versatum
1607 3892 1762 3951 iuter
1818 3913 1937 3954 eos.
2031 3838 2137 3955 list
2185 3906 2378 3953 autem

134 3972 283 4031 haec
323 3990 442 4029 uon
486 3968 623 4029 levis
660 3968 965 4048 probatio,
1004 3987 1181 4048 quum
1222 3986 1341 4027 non
1384 3967 1716 4041 deficimus,
1746 3971 2002 4049 quamvis
2043 3992 2148 4031 nos
2181 3970 2380 4030 videa-

134 4068 265 4113 mus
304 4047 547 4128 indigno
588 4045 973 4104 muudi‘fastu
1016 4044 1253 4104 calcarit
1294 4044 1614 4105 distinctius
1639 4057 1846 4125 tamen·
1869 4047 2092 4125 singula
2120 4047 2376 4108 notanda

138 4136 291 4187 sunt.
368 4122 599 4183 servire
633 4120 891 4181 Domino
930 4123 1020 4180 hic
1060 4121 1341 4201 accipitur
1376 4142 1501 4181 non
1540 4136 1648 4201 pro
1680 4122 1873 4181 Deum
1913 4122 2108 4181 colere
2147 4123 2206 4181 iu
2247 4144 2380 4183 san-

139 4202 341 4262 ctitate
384 4212 442 4260 et
480 4198 722 4271 iustitia,
772 4198 928 4291 quod
967 4198 1075 4278 piis
1116 4198 1382 4257 omnibus
1424 4216 1732 4256 commune
1773 4210 1888 4271 est,
1937 4199 2038 4256 sed
2078 4196 2381 4277 publicum

138 4298 348 4337 munus
387 4275 618 4354 exsequi
656 4275 956 4355 significat.
1028 4274 1163 4333 Non
1206 4273 1466 4353 loi1uitur
1503 4294 1648 4355 ergo
1687 4274 1920 4345 Paulus,
1959 4287 2024 4333 ut
2063 4296 2208 4334 unus
2247 4276 2380 4355 qui-

139 4352 288 4413 libet
322 4356 573 4434 privatus
612 4350 814 4441 homo,
854 4352 956 4413 sed
996 4352 1096 4433 qui
1134 4350 1297 4412 datus
1334 4360 1490 4411 esset
1521 4348 1820 4409 Ecclesiae
1857 4349 2150 4413 minister:
2202 4365 2378 4435 atque

2596 2309 2630 2345 'ff
