2788 4713
306 244 386 304 44
1089 232 1180 297 IN
1217 228 1448 298 ACTA
1482 229 1773 297 Apos‘r.

271 375 532 453 fiducia.
567 426 572 431 .
603 376 757 439 Nam
795 384 1171 459 peccatorum
1209 378 1613 456 remissionem
1650 376 1761 439 illis
1804 376 2113 458 promisit.-
2148 377 2240 441 Ac
2264 376 2413 441 duae
2430 376 2563 459 qui-

305 454 444 515 dem
479 452 613 516 illae
659 468 797 517 sunt
833 453 1137 546 Evangelii
1185 468 1409 537 partes,
1463 452 1954 547 quemadmodum
2004 454 2139 516 satis
2188 466 2393 517 notum
2452 466 2560 515 est.

301 532 605 611 Ideoque,
663 554 844 612 quum
896 529 1162 592 Christus
1219 544 1565 611 summatim·
1602 532 1837 591 tradere
1898 530 2024 593 vult
2070 531 2210 612 quid
2258 531 2563 593 contineat

301 605 610 690 Evangelii
647 608 938 681 doctrina,
977 606 1120 668 dicit
1156 609 1487 688 oportuisse
1522 608 1845 687 praedicari
1882 607 1944 667 in
1984 609 2225 669 nomine
2263 630 2370 670 suo
2408 628 2560 689 poe-

301 683 612 745 nitentiam
662 697 723 745 et
769 684 1172 745 remissionem
1203 696 1587 776 peccatorum
1626 684 1794 763 (Luc.
1816 690 1915 759 24,
1952 689 2091 760 47.).
2167 685 2385 760 Porro,
2424 684 2560 765 quia

300 768 428 822 non
467 760 918 825 reconciliamur
952 760 1118 833 Deo,
1157 782 1270 821 nisi
1315 758 1725 821 intercedente
1764 760 1986 823 Christi
2034 773 2259 837 morte,
2305 760 2561 823 nec‘ali·
2692 786 2703 795 ·

300 848 398 898 ter
433 860 604 929 quam
647 842 769 899 eius
806 839 1086 928 sanguine
1123 846 1363 917 peccata
1402 849 1603 897 nostra
1643 838 1947 919 expiantur
1987 851 2047 899 et
2084 837 2379 929 delentur,
2418 837 2559 897 ideo

297 916 650 977 nominatim
689 916 902 975 Petrus
935 912 1010 1007 ad
1048 934 1237 993 ipsum
1277 934 1385 975 nos
1424 926 1681 1005 revocat.
1726 914 1993 1007 ’Q’uarto
2032 913 2167 975 loeo
2207 914 2560 996 baptismum

297 992 496 1130 ξ’,ἳῖἷὲ
531 988 2561 1152 &affirm'lxwaffissss0¹33¹3131531¹51133²⁰am23335

295 1164 540 1283 issempdm
575 1158 644 1207 ut
680 1145 858 1203 homo
880 1141 1011 1235 ,sibi
1045 1142 1388 1278 renutntians
1425 1156 1489 1205 et
1524 1144 1747 1237 ¹¹.¹¹¹¹.¹d⁰
1784 1155 1977 1205 totum
2023 1165 2088 1207 se
2124 1143 2269 1237 Deo
2311 1143 2558 1279 aldgicat.

295 1231 1415 1376 ‚2:ss3”25303525251‘313‘32135⁶5:236&
1428 1232 2394 1374 ‘3ff02.⁵¹⁰¹‹¹2⁶.,5„3⁸:133„“3s1
2424 1238 2561 1357 ‘1:31

295 1396 432 1437 rum
471 1371 751 1452 consequi
787 1371 916 1433 siue
953 1370 1196 1435 Christo
1234 1384 1453 1455 potest,
1489 1372 1661 1435 simul
1684 1373 1907 1436 Christi
1943 1394 2162 1435 nomen
2201 1375 2263 1435 in
2301 1372 2559 1435 medium

295 1449 684 1591 pzroponitur,
743 1459 1018 1529 tanquam
1059 1450 1297 1510 unicum
1342 1449 1481 1543 fidei
1532 1472 1602 1545 ac
1690 1452 2058 1545 oeuitentiae
2088 1450 2555 1543 fundamentum.

355 1538 614 1587 aeterum
653 1537 718 1585 et
752 1523 870 1585 hoc
905 1526 1230 1587 notandum
1270 1538 1380 1602 est,
1416 1546 1500 1589 sic
1534 1549 1633 1589 inc
1676 1546 1804 1589 oar!
1841 1549 1875 1590 a
1911 1528 2085 1589 nobis
2112 1538 2561 1608 poenitentiam,

293 1602 402 1664 uhi
439 1602 688 1693 primum
727 1603 801 1663 ad
822 1600 1018 1663 Deum
1059 1603 1475 1679 convertimur,
1512 1616 1581 1664 ut
1615 1616 1742 1666 tota
1776 1605 1895 1665 vita
1920 1624 2043 1665 eam
2069 1591 2347 1687 prosequi
2369 1624 2554 1691 opor-

294 1689 436 1744 teat.
511 1678 776 1740 Proinde
827 1699 1108 1741 resonare
1156 1680 1218 1741 in
1263 1679 1527 1741 Ecclesia
1577 1680 1841 1761 quotidie
1896 1680 2075 1743 debet
2124 1682 2268 1743 haec
2318 1701 2559 1755 concio,

292 1755 736 1848 Poenitentiam
777 1755 870 1893 api
899 1776 932 1816 e
969 1757 1180 1850 (Marc.
1210 1762 1270 1850 ο1.,
1306 1762 1451 1834 15.)=
1492 1778 1615 1849 uon
1654 1771 1723 1835 ut
1760 1776 1886 1819 eam
1924 1758 2237 1823 ordiantur
2272 1758 2556 1847 qui-cen-

291 1852 414 1895 seri
447 1832 660 1909 volunt
695 1831 810 1893 fide
836 1852 918 1908 es,
954 1854 1023 1894 ac
1059 1854 1174 1893 iam
1213 1854 1276 1895 in
1313 1832 1576 1895 Ecclesia
1612 1831 1809 1896 locum
1848 1834 2099 1910 habent,
2136 1834 2241 1895 sed
2278 1845 2347 1894 ut
2382 1854 2445 1895 in
2486 1852 2557 1895 ea

291 1908 632 1991 proficiant:
681 1909 1228 2005 ‘1¹¹.²¹¹‘1¹¹.²¹¹¹,.¹¹!¹!¹²³
1265 1928 1487 1971 nomen
1532 1922 1818 1992 usurpant
1852 1910 2141 2002 fidelium,
2186 1912 2289 1987 qui
2327 1909 2555 2001 nullum
2642 1928 2647 1933 ·

291 1998 994 2142 xane'ffssspgsff'litietnggf
1013 1984 2556 2137 :ghtdldmmilizggeleutnrtarninvlgdnlljcvgtzigldihhgigiff

291 2158 436 2275 pem
473 2138 816 2229 crucifigere
853 2138 1157 2233 incipian-t,
1194 2150 1260 2199 ut
1295 2142 1606 2275 restris-gtqnt
1641 2138 1895 2277 igar-itae
1929 2140 2282 2276 negitatqian:
2322 2139 2554 2273 quisu-

295 2228 1602 2376 „zssteffiffss‘sszssrgtmguzz132‘2232535
1636 2234 2170 2354 ἒῃῑέιῗῖὃηῖοὲῖἕ
2220 2234 2555 2374 ΐωῗέεῗὲ

295 2369 538 2432 fructus'
578 2369 644 2432 iu
701 2371 821 2431 vita
869 2368 1078 2444 debet,
1127 2369 1324 2430 doceri
1370 2369 1484 2430 rite
1533 2369 1897 2452 poenitentia
1950 2392 2075 2432 uon
2124 2380 2348 2451 potest,
2404 2369 2552 2448 quin

167 2483 198 2496 κ
297 2467 482 2527 opera
521 2447 853 2530 exigantur:
902 2467 1025 2508 non
1064 2445 1165 2507 illa
1202 2443 1443 2521 frivola,
1484 2467 1639 2526 quae
1684 2447 1813 2508 sola
1858 2447 1920 2506 in
1967 2449 2165 2530 pretio
2213 2458 2351 2508 sunt
2396 2443 2553 2536 apud

292 2523 582 2606 Papistas,
619 2523 720 2585 sed
756 2543 906 2604 quae
943 2521 1128 2585 solida
1165 2524 1283 2585 sint
1317 2523 1694 2584 innocentiae
1733 2534 1795 2585 et
1823 2525 2142 2586 sanctitatis
2195 2523 2551 2584 testimonia.

447 2597 798 2677 Bapazem
827 2605 1218 2682 unusquisque
1247 2615 1513 2662 vesu-imi.
1591 2599 1852 2662 Tametsi
1900 2601 1961 2662 in
2012 2613 2293 2662 contextu
2336 2597 2555 2660 verbo-

293 2699 426 2738 rum
465 2676 784 2758 baptismus
821 2679 1223 2740 remissionem
1263 2690 1639 2758 peccatorum
1690 2676 1783 2738 hic
1830 2677 2159 2760 praecedit,
2208 2677 2417 2739 ordine
2464 2689 2555 2736 ta·-

293 2775 435 2815 men
473 2755 757 2834 sequitur,
796 2756 932 2835 quia
969 2754 1113 2815 nihil
1151 2753 1310 2815 aliud
1346 2765 1439 2816 est
1475 2773 1647 2834 quam
1699 2753 1996 2816 bonorum
2044 2773 2195 2834 quae
2230 2775 2341 2836 per
2378 2752 2557 2815 Chri-

295 2841 450 2891 stum
497 2831 915 2912 consequimur
960 2830 1320 2914 obsignatio,
1356 2843 1425 2891 ut
1462 2831 1523 2891 in
1562 2831 1935 2893 conscientiis
1986 2831 2203 2892 nostris
2246 2842 2373 2891 rata
2418 2829 2555 2890 sint.

293 2907 460 2994 Ergo
553 2917 821 2985 ostquam
867 2905 942 2967 de
991 2907 1359 2986 poenitentia
1406 2907 1677 2969 disseruit
1711 2907 1952 2982 Petrus,
1999 2907 2249 2970 Iudaeos
2299 2906 2372 2967 ad
2420 2927 2557 2989 gra-

296 2983 414 3044 tiae
463 2982 501 3040 fi
545 2982 732 3043 nciam
759 2991 843 3058 ,et
887 3002 1051 3063 spem
1091 2982 1287 3044 salutis
1324 2982 1545 3044 invitat.
1619 2982 1768 3044 Ideo
1817 2996 2020 3063 postea
2054 2985 2242 3046 Lucas
2288 2984 2352 3043 iu
2405 3003 2557 3044 con-

297 3059 474 3120 cione
511 3057 680 3120 Pauli
717 3057 894 3118 fidem
943 3059 1344 3139 poenitentiae
1383 3059 1709 3152 coniunget
1743 3061 1953 3120 eodem
1992 3082 2167 3122 sensu
2188 3079 2308 3140 quo
2346 3058 2441 3120 hic
2462 3079 2563 3120 re·-

295 3135 636 3197 missionem
672 3146 1048 3216 peccatorum
1089 3134 1278 3217 ponit.
1353 3133 1434 3194 Et
1469 3149 1703 3196 merito.
1762 3137 1975 3216 Neque
2011 3139 2169 3197 enim
2207 3135 2346 3197 alibi
2382 3157 2559 3229 quam

297 3214 362 3274 in
403 3212 655 3296 gratuita
692 3209 946 3272 iustitiae
983 3211 1370 3294 imputatione
1410 3212 1676 3274 consistit
1710 3213 1907 3276 salutis
1956 3214 2183 3276 fiducia.
2259 3212 2405 3274 Iusti
2453 3235 2559 3272 au·-

295 3301 421 3350 tem
481 3289 661 3372 gratis
721 3300 1062 3370 reputamur
1116 3308 1309 3348 coram
1359 3287 1528 3364 Deo,
1588 3289 1724 3348 dum
1786 3300 2024 3384 peccata
2070 3290 2245 3352 nobis
2291 3290 2559 3350 remittit.

303 3365 820 3440 Quemadmodum
859 3377 1054 3425 autem
1091 3365 1252 3501 prius
1289 3364 1589 3440 admonui,
1629 3366 1955 3427 doctrinam
1977 3367 2378 3448 poenitentiae
2402 3387 2557 3459 quo-

296 3441 583 3506 tidianum
622 3438 840 3502 haber-e
878 3442 940 3502 in
975 3442 1098 3502 Ecc
1125 3441 1241 3503 esia
1275 3463 1466 3518 usum,
1501 3442 1583 3503 ita
1623 3453 1684 3502 et
1720 3441 1795 3504 de
1818 3455 2195 3526 peccatorum
2218 3441 2565 3506 remissione

298 3518 672 3594 statuendum
712 3531 822 3594 est,
859 3519 1022 3612 quod
1059 3517 1235 3582 nobis
1274 3517 1501 3580 assidue
1540 3519 1844 3581 offeratur.
1918 3519 2001 3580 Et
2046 3539 2186 3581 saue
2232 3531 2363 3580 toto
2400 3521 2561 3582 vitae

299 3594 595 3658 curriculo
642 3616 768 3655 non
813 3617 1006 3656 minus
1057 3596 1381 3666 necemria
1418 3595 1590 3658 nobis
1628 3607 1749 3670 est,
1828 3602 1959 3656 uam
2006 3596 2197 3677 primo
2246 3597 2307 3657 in
2346 3596 2559 3660 Ecde—

299 3673 441 3734 siam
481 3671 768 3754 ingressu.
838 3671 932 3733 Ita
970 3670 1118 3732 nihil
1155 3673 1329 3732 nohis
1365 3673 1693 3752 prodesset,
1729 3693 1762 3734 a
1860 3693 1933 3734 eo
1982 3672 2164 3734 semel
2210 3673 2274 3735 in
2312 3673 2559 3756 gratiam

299 3759 576 3842 receptos
627 3767 783 3820 esse,
829 3747 943 3810 nisi
988 3749 1132 3809 haec
1189 3747 1408 3844 legatio
1460 3749 1805 3809 continuum
1844 3747 2090 3810 haberet
2126 3769 2386 3824 cursum,
2434 3751 2561 3812 Re·-

301 3825 696 3916 muciliamiui
717 3823 878 3902 Deo,
912 3825 1044 3907 quia
1083 3825 1130 3886 is
1167 3847 1268 3902 qui
1348 3838 1612 3887 eccatum
1651 3847 1773 3886 non
1805 3827 2078 3900 'novet-at,
2114 3848 2227 3907 pro
2264 3826 2437 3890 nobis
2466 3826 2559 3889 fa-

300 3915 430 3966 ctus
469 3913 560 3963 est
597 3913 923 3984 peccatum,
961 3915 1028 3962 ut
1062 3902 1274 3963 iustitia
1360 3901 1415 3963 ei
1452 3913 1704 3964 essemus
1741 3903 1805 3963 in
1838 3921 1931 3962 eo.
1970 3902 2084 3982 (11.
2124 3903 2271 3972 Cor,
2306 3911 2364 3979 5,
2402 3906 2559 3982 2⁰0³

301 3981 476 4042 Hanc
533 3997 770 4059 quoque
815 3978 1056 4040 alteram
1103 3978 1410 4063 Evangelii
1458 3991 1688 4062 partem
1734 3979 1817 4040 sie
1864 3979 2185 4061 depravant
2231 3993 2295 4042 et
2331 3978 2559 4042 adulte-

251 4097 258 4106 ·
301 4068 436 4119 rant
494 4057 580 4117 Pa
623 4055 794 4134 istae,
853 4067 923 4116 ut
983 4066 1360 4138 peccatorum
1410 4055 1832 4132 remissionem,
1894 4076 2045 4137 quae
2102 4077 2216 4140 pen
2260 4056 2562 4122 Christum

302 4133 552 4196 obtineri
663 4146 812 4210 erat,
845 4153 1088 4217 prorsus
1127 4133 1530 4194 exterminent.
1605 4132 1893 4194 Fatentur
1942 4133 2001 4194 in
2050 4131 2339 4214 baptismo
2424 4137 2563 4196 ratis

297 4209 522 4272 remitti
559 4219 816 4291 peccata,
850 4209 956 4272 sed
989 4219 1128 4293 post
1155 4209 1515 4292 baptismum
1551 4207 2042 4272 satisfactionibus
2080 4209 2291 4272 redimi
2322 4232 2397 4272 vo
2424 4223 2561 4272 unti

304 4296 368 4348 et
404 4287 662 4366 quamvis
701 4285 922 4352 Christi
959 4287 1208 4372 gratiam
1245 4286 1418 4350 simul
1456 4286 1843 4364 admisceant,
1894 4287 2028 4368 quia
2062 4297 2259 4348 tamen
2298 4307 2424 4348 eam
2462 4287 2564 4348 in·

301 4361 548 4434 volvunt
592 4361 898 4435 bominum
947 4362 1200 4445 meritis,
1247 4377 1433 4434 totam
1478 4363 1786 4450 Evangelii
1844 4361 2173 4432 doctrinam
2220 4362 2338 4428 huc
2374 4363 2561 4430 mode
