2788 4713
243 183 363 251 1.OE
955 198 967 208 ·
1040 177 1133 244 IN
1167 177 1397 244 ACTA
1430 173 1725 244 APOST.

245 322 466 391 clesiae
513 321 868 390 domesticos
887 311 1178 386 ‘Chr-istus
1215 323 1521 407 insigniat,
1574 321 1755 385 inseri
1802 319 1865 380 in
1900 315 2225 382 Ecclesiam
2274 333 2521 404 oportet

253 403 358 484 qui
383 401 730 482 baptizandi
765 411 920 460 sunt.
1008 397 1182 462 Sicut
1229 412 1424 462 autem
1474 399 1701 461 adultos
1750 395 1869 460 fide
1916 397 2096 460 inseri
2134 410 2362 460 certum
2400 413 2519 474 est,

249 479 334 540 ita
417 480 609 540 iorum
647 477 866 539 liberos
911 475 1047 536 dico
1087 477 1381 538 Ecclesiae
1422 476 1577 538 filios
1614 475 1774 536 nasci
1814 485 1875 538 et
1923 473 1995 533 ab
2038 485 2211 538 utero
2252 479 2521 558 reputari

253 556 318 616 in
353 555 358 562 ’
417 554 582 619 hristi
617 551 932 629 membris,
969 553 1106 633 quia
1145 553 1250 617 hac
1289 552 1423 635 lege
1463 573 1572 612 nos
1608 551 1773 612 Deus
1812 549 2087 632 adoptat,
2126 562 2194 613 ut
2229 553 2305 614 sit
2340 554 2521 614 etiam

253 632 492 698 seminis
531 630 720 694 nostri
759 640 946 711 pater.
1025 629 1284 692 Tametsi
1324 649 1470 710 ergo
1510 628 1654 688 fides
1690 627 1755 687 in
1796 626 2326 710 adultis‘exigitur,
2376 650 2523 710 per-

298 730 454 770 eram
491 708 845 776 transfertur
883 705 998 768 hoc
1038 707 1110 768 ad
1143 705 1418 778 infantes,
1456 725 1709 784 quorum
1750 705 1931 785 longe
1958 702 2179 766 diversa
2220 717 2309 766 est
2347 710 2525 768 ratio.

313 797 576 846 aeterum
637 783 802 846 abusi
861 795 1003 844 sunt
1047 781 1162 842 hoc
1210 782 1553 843 testimonio
1606 780 1805 861 magni
1853 780 2087 860 quidam
2134 781 2275 857 viri,
2336 805 2525 862 quum

251 861 509 945 probare
561 859 783 922 vellent
829 859 1003 919 fidem
1065 857 1212 917 nihil
1270 857 1490 918 habere
1542 857 2001 919 confirmationis
2064 878 2133 917 ex
2178 859 2521 938 Baptismo:

253 939 344 1003 sic.
399 938 556 1000 enim
621 935 1145 998 ratiocinabantur:
1216 933 1471 995 Iubetur
1528 934 1831 994 eunuchus
1890 933 2121 995 afferre
2196 933 2525 1015 perfectam

254 1015 432 1078 fidem
484 1012 557 1074 ad
595 1013 989 1094 Baptismum,
1037 1031 1182 1094 ergo
1233 1009 1380 1070 nihil
1429 1010 1710 1072 accedere
1759 1009 1973 1091 potuit.
2052 1009 2174 1071 Sed
2214 1011 2529 1092 Scriptura

254 1091 482 1151 Totum
558 1112 630 1151 or
665 1108 840 1169 saepe
876 1087 1091 1168 accipit
1129 1107 1238 1172 pro
1267 1087 1518 1149 Sincere
1560 1099 1620 1147 et
1658 1108 1780 1146 non
1818 1085 2038 1162 fucato,
2077 1087 2172 1147 cui
2197 1089 2532 1168 opponitur

251 1165 390 1230 Cor
426 1168 543 1248 dup
569 1187 654 1226 ex.
731 1166 824 1225 Ita
863 1185 990 1224 non
1029 1175 1120 1224 est
1155 1164 1316 1244 quod
1364 1163 1645 1255 perfecte.
1672 1163 1915 1236 credere
1954 1163 2372 1246 imaginemur,
2420 1166 2529 1246 q'ui

259 1263 329 1324 eg
361 1255 499 1304 toto
541 1243 722 1305 corde
771 1242 1047 1316 credunt,
1100 1240 1337 1320 quando
1374 1241 1609 1302 infirma
1648 1238 1951 1321 etpusilla
1992 1239 2136 1302 fides
2176 1241 2240 1302 in
2316 1262 2355 1302 o
2394 1263 2529 1306 esse

253 1321 501 1407 poterit,
540 1319 632 1378 cui
656 1331 853 1390 tamen
893 1318 1014 1376 inte
1061 1337 1124 1376 er
1149 1317 1260 1378 erit
1298 1321 1524 1379 animus
1564 1329 1625 1378 et
1664 1314 1827 1376 omni
1867 1315 2108 1376 fictione
2146 1261 2343 1397 purg.
2419 1317 2529 1380 Sic

256 1397 378 1458 acci
425 1416 524 1456 ere
563 1395 842 1455 convenit
879 1413 998 1474 quo
1073 1391 1261 1454 David
1299 1395 1492 1469 iactat,
1530 1413 1593 1453 se
1633 1391 1735 1453 dili
1782 1412 1881 1452 ere
1916 1391 2249 1453 Dominum·
2281 1413 2352 1453 ex
2386 1406 2525 1456 toto

255 1493 364 1534 eor
407 1492 459 1532 e.
533 1470 838 1552 Philippus
861 1481 1024 1532 certe
1045 1471 1445 1533 samaritanos
1482 1470 1642 1552 prius
1679 1468 1754 1529 ba
1800 1470 2098 1544 flaverat,
2136 1490 2286 1551 quos
2323 1482 2531 1534 tamen
2596 1509 2617 1518 -

251 1547 480 1620 sciebat
519 1547 698 1630 longe
720 1545 926 1620 ,adhuc
965 1568 998 1608 a
1037 1560 1191 1609 meta
1231 1549 1463 1608 distare.
1540 1547 1589 1606 F
1594 1546 1715 1610 idea
1758 1566 1903 1628 ergo
1944 1546 2127 1608 totius
2166 1547 2365 1608 cordis
2406 1560 2527 1626 est,

257 1644 408 1706 quae
449 1626 508 1684 in
539 1625 730 1686 eorde
760 1623 912 1686 vivas
951 1625 1174 1687 radices
1211 1623 1435 1686 babens
1474 1623 1547 1684 ad
1570 1623 1943 1703 quotidianos
1979 1634 2177 1686 tamen
2216 1624 2525 1705 profectus

257 1723 318 1762 as
365 1703 491 1761 irat.

295 1723 358 1826 -p
420 1775 608 1838 Credo
626 1777 834 1858 filim
869 1761 1044 1837 Daz‘
1089 1777 1278 1838 Sicuti
1326 1777 1388 1838 in
1434 1775 1674 1841 Christo
1728 1775 2009 1838 fundatus
2058 1787 2149 1837 est
2194 1775 2530 1856 Baptismus

259 1866 322 1916 et
359 1854 477 1916 illic
516 1856 598 1916 vis
639 1855 758 1916 eius
799 1876 866 1914 ac
903 1855 1114 1916 veritas
1155 1855 1517 1926 continetur,
1556 1856 1635 1914 ita
1674 1853 1977 1913 eunuchus
2006 1851 2305 1915 Christum
2338 1875 2527 1916 unum

258 1931 375 1994 sibi
412 1933 716 2013 proponit.
795 1930 1038 1992 Sciebat
1077 1931 1374 1991 eunuchus
1415 1941 1607 2004 antea,
1646 1951 1827 1990 unum
1870 1949 1994 1990 esse
2016 1929 2210 1994 Deum
2252 1931 2351 2009 qui
2392 1930 2528 1992 soe-

251 2007 368 2068 ·dus
409 2030 540 2069 cum
580 2006 876 2068 Abraham
915 2009 1240 2090 pepigerat,
1280 2009 1380 2088 qui
1420 2007 1642 2089 Legem
1688 2005 1931 2065 dederat
1968 2025 2076 2086 per
2116 2021 2348 2066 manum
2390 2007 2528 2068 mo:-

259 2086 358 2160 sis,
397 2085 500 2164 qui
581 2083 822 2176 epulum
861 2105 1046 2144 unum
1081 2095 1497 2168 segregaverat
1532 2105 1565 2143 a
1605 2080 1841 2161 reliquis
1882 2083 2177 2163 gentibus,
2218 2085 2315 2163 qui
2344 2083 2527 2146 Chri-

259 2173 414 2227 stum
453 2105 748 2240 poilicitus
789 2159 1014 2238 fuerat,
1055 2182 1163 2242 per
1203 2181 1378 2252 quem
1420 2159 1709 2240 propitius
1748 2170 1901 2218 esset
1937 2160 2191 2220 mundo:
2230 2181 2397 2220 nune
2426 2159 2529 2220 Ιο-

256 2257 386 2302 sum
425 2237 642 2306 fatetur
681 2257 804 2298 esse
844 2237 1008 2298 illum
1046 2238 1246 2298 mundi
1286 2237 1725 2316 redemptorem
1764 2247 1829 2294 et
1860 2233 2225 2316 neafliam,
2266 2237 2524 2316 sub-quo

257 2313 434 2380 tinnio
485 2313 816 2377 summatim
868 2314 1717 2397 complectitur,quaecunque
1766 2312 2073 2394 Scriptura
2121 2312 2362 2375 Christo
2415 2313 2527 2375 tri-

261 2391 416 2455 buit.
511 2393 676 2489 Haec
735 2392 1000 2483 perfecta
1073 2405 1160 2463 est
1211 2391 1354 2484 {ides
1432 2392 1595 2452 cuius
1640 2410 1837 2482 ’nuper
1885 2390 2153 2483 meminit
2198 2390 2393 2471 Philip
2438 2414 2527 2467 us,

259 2468 1401 2625 22¹35232“{²:¹¹;¹.1522;⁹z‘srfflkssd32²
1418 2566 1447 2603 2
1502 2467 2131 2621 {zffiffisszm‘ff'sssstss
2156 2479 2529 2624 εἰζξῖὲςὶἳ

259 2622 504 2685 rit'non
544 2623 756 2689 fictam.
835 2624 1006 2687 Hanc
1091 2621 1308 2703 uisquis
1347 2643 1471 2682 non
1512 2620 1692 2691 habet
1731 2620 1845 2680 iam
1884 2618 2135 2695 adultus,
2176 2619 2394 2692 frustra
2431 2622 2529 2681 in-

261 2698 482 2763 fantiae
517 2718 656 2759 suae
697 2700 998 2780 Baptismo
1039 2720 1078 2781 g
1103 2701 1353 2759 oriatur:
1410 2720 1545 2759 nam
1596 2698 1655 2757 in
1708 2696 1866 2756 hunc
1905 2696 2081 2757 finem
2120 2696 2375 2759 infantes
2414 2698 2530 2759 sibi

262 2773 525 2845 Christus
563 2766 868 2855 Baptismo
909 2776 1133 2850 initiat,
1173 2788 1239 2836 ut
1287 2797 1466 2871 quum
1508 2774 1763 2855 primum
1812 2774 2017 2833 aetatis
2069 2786 2273 2855 captus
2326 2772 2531 2835 tulerit

259 2870 324 2915 se
361 2850 445 2911 illi
488 2850 800 2930 discipulos
839 2850 1144 2923 addicant,
1196 2862 1257 2910 et
1297 2852 1525 2931 Spiritu
1565 2850 1689 2915 eius
1738 2848 2025 2929 baptizati
2064 2850 2340 2913 virtutem
2380 2852 2529 2930 eius,

262 2948 438 3009 quam
475 2926 691 3008 figurat
726 2926 1076 3006 Baptismus,
1115 2926 1252 2987 fidei
1292 2927 1483 2986 intelli
1529 2927 1685 2987 entia
1722 2937 1984 2987 teneant.

327 3050 332 3057 .
413 3007 510 3067 38.
589 3000 1024 3061 Descenderam
1058 3005 1124 3060 in
1159 3024 1388 3082 aquam.
1534 3004 1585 3065 ic
1626 3003 2025 3083 perspicimus,
2065 3005 2335 3084 quisnam
2374 3003 2531 3086 apud

257 3089 489 3147 veteres
525 3078 861 3161 baptizandi
902 3079 1047 3141 ritus
1087 3076 1296 3153 fuerit,
1335 3090 1531 3141 totum
1572 3080 1729 3139 enim
1768 3101 1983 3159 corpus
2024 3081 2081 3140 in
2122 3103 2329 3162 aquam
2369 3102 2530 3143 mer·

261 3155 518 3239 gebantz,
567 3176 726 3221 nunc
765 3153 1012 3215 invaluit
1049 3178 1214 3229 usus,
1262 3168 1332 3216 ut
1378 3156 1649 3216 minister
1686 3177 1795 3217 cor
1837 3179 1903 3217 us
1941 3156 2031 3217 vel
2076 3170 2251 3239 caput
2295 3170 2532 3221 tantum

259 3250 431 3312 asper
475 3244 554 3293 at.-
630 3232 946 3300 Caeterum
987 3253 1112 3293 non
1149 3232 1301 3293 tanti
1339 3252 1465 3293 esse
1506 3232 1677 3294 nobis
1710 3232 1780 3291 de
1830 3246 1891 3293 et
1922 3234 2219 3295 tantillum
2259 3256 2534 3297 ceremo-

259 3308 400 3369 niae
482 3309 496 3323 ‘
529 3308 783 3382 crimen,
821 3320 890 3369 ut
931 3308 1248 3387 Ecclesiam
1287 3309 1976 3403 proptereagscindamus
2014 3312 2110 3373 vel
2151 3312 2281 3373 rixis
2320 3312 2533 3373 turbe-

259 3406 407 3445 mus.
508 3383 631 3446 Pro
682 3386 809 3466 ipsa
855 3384 1094 3467 quidem
1143 3386 1427 3465 Bapusmi
1479 3386 1849 3469 ceremonia,
1910 3398 2197 3467 quatenus
2260 3388 2431 3449 nobis
2496 3408 2535 3453 a

265 3460 508 3525 Christo
549 3460 760 3523 tradita
801 3472 910 3535 est,
949 3462 1173 3524 centies
1255 3464 1411 3524 otius
1450 3462 1522 3529 ad
1563 3454 1815 3523 moi-tem
1856 3482 2041 3543 usque
2072 3464 2535 3547 digladiandum,

260 3558 438 3617 quam
489 3548 560 3601 ut
607 3557 736 3599 eam
787 3536 962 3601 nobis
1003 3538 1154 3619 eripi
1195 3484 1483 3683 fimus:
1536 3538 1642 3601 sed
1692 3560 1873 3619 quum
1920 3543 1983 3599 in
2033 3560 2217 3622 aquae
2256 3541 2533 3623 symbolo

257 3614 665 3675 testimoninm
725 3614 1004 3688 babemus
1050 3626 1170 3675 tam
1218 3612 1230 3628 '
1358 3615 1539 3677 tionis
1593 3626 1832 3675 nostrae
1886 3636 2059 3696 quam
2112 3637 2300 3680 novae
2354 3618 2535 3694 vitae,

262 3713 446 3771 quum
507 3691 570 3751 iu
621 3712 773 3771 aqua
819 3690 982 3751 velut
1038 3692 1098 3751 in
1149 3692 1392 3773 speculo
1427 3684 1791 3775 ‘sanguinem
1842 3690 2015 3753 nobis
2054 3715 2223 3754 suum
2264 3692 2535 3757 Christus

259 3779 694 3849 repraesentat,
756 3778 824 3832 ut
869 3768 1218 3829 munditiem
1268 3770 1409 3829 inde
1462 3780 1725 3830 nostram
1774 3781 2073 3847 petamus,
2135 3792 2317 3851 quum
2358 3771 2539 3839 docet

261 3866 373 3905 nos
413 3844 639 3925 Spiritu
679 3862 787 3904 suo
831 3844 1064 3927 refingi,
1103 3858 1169 3906 ut
1205 3846 1427 3909 mortui
1466 3856 1713 3926 peccato
1755 3844 2011 3907 iustitiae
2048 3846 2340 3923 vivamus,
2382 3846 2535 3907 nihil

261 3920 424 4071 guod
487 3921 563 3983 ad
613 3919 896 4012 Baptismi
957 3922 1344 3986 substantiam
1404 3920 1581 3985 faciat
1642 3921 1845 3983 deesse
1904 3921 2078 3985 nobis
2140 3937 2369 3989 certum
2427 3934 2539 3984 est.

333 4017 470 4057 nare
513 3996 586 4059 ab
627 3998 801 4057 inmo
843 3996 1031 4058 libere
1069 3999 1185 4060 sibi
1223 3998 1487 4081 permisit
1526 3996 1819 4074 Ecclesia,
1871 4010 2031 4064 extra
2072 4000 2222 4063 hanc
2262 4000 2539 4063 substan·
2650 4052 2665 4061 .

259 4072 406 4133 tiam
456 4075 603 4134 ritus.
655 4074 872 4134 habere
923 4074 1219 4155 paululum
1272 4074 1591 4137 dissimiles.
1686 4076 1841 4135 Nam
1892 4076 1992 4141 alii
2043 4088 2138 4138 ter
2188 4078 2282 4139 alii
2336 4090 2539 4141 autem

261 4148 446 4213 semel
483 4162 713 4213 tantum
751 4150 1132 4233 mergebant,
1181 4172 1365 4233 quare
1416 4172 1541 4214 nnn
1596 4162 1684 4212 est
1723 4150 1885 4233 quod
1912 4144 1999 4213 ‘in
2046 4152 2225 4215 rebus
2274 4176 2397 4217 non
2452 4156 2539 4217 ita

263 4226 605 4314 necessariis
668 4228 918 4292 nimium
969 4230 1194 4291 morosi
1256 4229 1477 4290 simus:—
1526 4229 1709 4288 modo
1752 4248 1833 4291 ne
1882 4229 2243 4295 adventiciae
2280 4250 2541 4312 pompae

261 4298 588 4379 simplicem
633 4302 859 4371 Christi
896 4305 1332 4382 institutionem
1371 4304 1796 4375 contaminent.
1843 4321 1855 4328 ·
