2788 4713
435 300 548 349 nv
1108 267 1118 275 ’
1249 279 1846 347 ARGUMENTUM.

437 430 574 505 suis,
609 438 678 489 ut
713 418 1003 507 pollicitus
1041 434 1144 485 est.
1219 425 1339 487 Iam
1380 427 1546 509 regni
1588 428 1805 489 Christi
1842 428 2103 507 initium,
2156 443 2216 493 et
2253 435 2412 514 quasi
2451 438 2653 497 mundi

437 520 741 584 renovatio
779 519 874 580 hic
913 518 1262 599 depingitur.
1347 519 1603 579 Tametsi
1642 522 1797 581 enim
1838 522 2019 584 Filius
2054 526 2202 601 Dei,
2250 527 2581 608 priusquam
2622 550 2655 588 e

435 614 654 677 mundo
693 613 987 696 migraret,
1026 610 1134 671 iam
1173 630 1271 671 sua
1309 610 1739 690 praedicatione
1774 612 2020 697 aliquam
2042 616 2356 679 Ecclesiam
2396 618 2657 703 college-

435 719 555 784 rat,
612 726 746 767 vere
792 718 986 768 tamen
1037 702 1264 763 denium
1315 715 1456 762 tunc
1494 716 1711 765 exstare
1750 710 1949 789 coepit
1996 708 2251 791 legitima
2290 710 2657 773 Christianae

433 801 726 873 Ecclesiae
799 798 1017 869 forma,
1087 816 1258 875 quum
1323 794 1593 875 Apostoli
1665 816 1813 859 nova
1884 803 2095 861 virtute
2160 802 2427 863 instiucti
2487 804 2653 865 illurn

433 894 668 954 unicum
727 890 1058 959 Pastorem,
1129 898 1189 947 et
1247 899 1543 949 mortuum
1607 912 1638 952 a
1712 906 1901 955 morte
1975 895 2279 955 excitatum
2352 897 2653 977 praedica-

431 996 602 1060 runt,
675 996 740 1043 ut
801 982 922 1043 eius
983 978 1248 1059 auspiciis
1319 980 1378 1039 in
1444 983 1673 1045 unicum
1734 985 1888 1046 ovile
1960 987 2355 1049 coalescerent
2427 1010 2655 1065 omnes,

429 1079 534 1159 qui
603 1077 761 1157 prius
815 1073 940 1154 vagi
1005 1082 1064 1131 et
1125 1071 1381 1152 dissipati
1448 1073 1692 1135 fuerant.
1799 1078 1957 1159 Ergo
2016 1100 2051 1139 a
2117 1078 2332 1141 Christi
2389 1101 2656 1157 ascensu,

428 1192 548 1255 quo
605 1186 856 1229 summus
893 1164 1017 1225 Rex
1063 1164 1214 1225 coeli
1264 1176 1325 1225 et
1375 1176 1567 1227 terrae
1618 1167 1937 1231 declaratus
1974 1182 2092 1247 est,
2140 1172 2309 1235 nobis
2354 1172 2655 1235 Ecclesiae

429 1278 490 1325 et
529 1264 696 1344 origo
748 1270 807 1319 et
843 1276 1182 1341 progressus
1233 1256 1326 1319 hie
1377 1270 1729 1321 recensetur.
1814 1262 2004 1325 Porro
2056 1264 2117 1325 in
2168 1285 2241 1325 eo
2292 1265 2483 1327 elucet
2528 1279 2653 1329 tam

427 1350 780 1419 admirabilis
831 1350 1054 1412 Christi
1109 1350 1407 1431 potentia,
1464 1372 1631 1431 quain
1679 1352 1981 1435 Evangelii
2044 1356 2224 1437 ipsius
2286 1357 2539 1419 efficacia
2588 1374 2655 1421 et

425 1450 524 1513 vis.
597 1446 748 1507 Nam
787 1442 946 1524 quod
992 1463 1101 1524 per
1148 1441 1414 1504 homines
1468 1442 1675 1505 nullius
1733 1446 1936 1527 pretii,
1993 1449 2152 1511 nulla
2209 1448 2503 1531 praeditos
2560 1450 2653 1513 fa-

329 1584 334 1591 .
425 1541 672 1614 cultate,
707 1548 900 1599 totum
937 1534 1047 1597 sibi
1087 1533 1290 1599 orbem
1329 1548 1447 1602 tani
1488 1536 1657 1598 facile
1692 1537 1819 1601 sola
1856 1538 2184 1651 Evangelii
2194 1562 2340 1605 voce
2376 1544 2653 1621 subiecit,

423 1656 600 1719 quum
637 1643 831 1693 tamen
861 1640 1061 1691 contra
1100 1640 1192 1689 tot
1213 1600 1523 1692 obstaculis
1563 1630 1742 1695 Satan
1781 1634 2126 1717 insurgeret,
2162 1634 2225 1694 in
2266 1654 2339 1695 eo
2381 1634 2651 1697 luculen-

419 1742 542 1790 tum
591 1724 820 1786 divinae
863 1740 1002 1783 suae
1047 1722 1274 1783 virtutis
1310 1725 1603 1831 specimen
1642 1726 1911 1789 Christus
1956 1726 2245 1807 praebuit.
2320 1728 2652 1789 Incredibi-

421 1822 535 1885 lem
575 1836 811 1900 qnoque
846 1814 1148 1897 Evangelii
1183 1814 1298 1875 vim
1347 1818 1409 1877 in
1447 1837 1521 1879 eo
1560 1808 1977 1900 conspicimus,
2027 1818 2189 1900 quod
2238 1832 2370 1881 toto
2420 1820 2649 1881 mundo

417 1914 742 1977 reluctante
781 1929 904 1970 non
943 1908 1120 1969 modo
1161 1907 1415 1983 emersit,
1451 1910 1552 1971 sed
1588 1932 1718 1971 cum
1758 1931 1973 1972 summa
2012 1911 2201 1992 gloria
2237 1910 2510 1993 quicquid
2548 1912 2648 1971 in·-

418 2006 707 2069 domitum
755 2000 1057 2063 videbatur
1109 1998 1342 2081 subegit
1399 1998 1459 2061 in
1520 2001 1863 2083 obsequium
1918 2002 2480 2087 christi,1taque
2536 2024 2653 2085 per

417 2100 546 2166 illos
608 2114 823 2178 paucos
875 2106 939 2153 et
995 2103 1362 2173 contemptos
1416 2092 1834 2157 homunciones
1898 2093 2023 2176 plus
2074 2106 2279 2159 contra
2333 2094 2649 2157 turbulen-

414 2191 659 2255 tissimas
735 2206 990 2268 quasque
1075 2181 1273 2245 mundi
1357 2184 1641 2265 procellas
1720 2180 2027 2253 effectum
2069 2200 2156 2249 est
2240 2188 2445 2249 humili
2506 2192 2652 2252 oris

413 2285 640 2362 sonitu,
701 2300 868 2362 quam
918 2278 964 2339 si
1014 2276 1196 2360 palam
1235 2276 1399 2339 Deus
1443 2297 1476 2338 e
1525 2278 1697 2341 coelo
1747 2279 2118 2341 fulminasset.
2220 2280 2529 2345 Caeterum
2572 2297 2651 2345 ex

417 2377 659 2442 adverso
707 2395 816 2436 nos
855 2371 1101 2453 Spiritus
1148 2382 1377 2434 sanctus
1428 2365 1735 2464 admonet,
1789 2393 2081 2460 nunquam
2132 2393 2372 2458 surgere
2411 2373 2650 2441 Christi

413 2491 726 2555 regnum,
741 2467 892 2548 quip
917 2485 986 2540 se
1021 2476 1223 2526 contra
1263 2464 1479 2526 furiose
1518 2476 1781 2551 opponat
1827 2467 2005 2527 Satan
2059 2465 2377 2550 omnesqu'e
2428 2467 2648 2532 admo-

410 2576 544 2628 veat
579 2561 896 2635 machinas,
933 2569 998 2618 ut
1035 2557 1178 2619 illud
1215 2558 1303 2620 vel
1345 2569 1595 2632 evertat,
1642 2558 1737 2620 vel
1770 2563 2113 2623 concutiat·
2161 2555 2286 2625 Nec
2324 2584 2467 2634 vcro
2505 2573 2649 2625 tan-

407 2671 532 2724 tum
571 2657 870 2730 docemur,
907 2629 1175 2715 Satanam
1217 2651 1505 2728 hostiliter
1544 2650 1781 2714 Christo
1821 2652 2107 2728 resistere,
2142 2654 2244 2718 sed
2283 2645 2469 2716 ιὀιιιιιι
2508 2655 2649 2719 fere

406 2749 686 2812 mundum
727 2745 928 2812 eadem
967 2745 1255 2828 percitum
1295 2743 1456 2806 rabie
1494 2744 1693 2808 omnia
1730 2745 1956 2820 moliri,
1996 2766 2070 2804 ne
2109 2743 2349 2812 Christo'
2386 2752 2641 2829 regnum'

407 2841 720 2922 permittat.
815 2840 947 2900 Imo
995 2837 1362 2900 statuendum
1404 2849 1519 2910 est,
1578 2837 1789 2920 impios
1826 2837 2119 2912 homines,
2178 2837 2313 2898 dum
2363 2839 2641 2905 adversus

405 2926 704 3016 Evangelii
744 2929 1067 2991 doctrinam
1105 2927 1553 3008 tumultuantur,
1594 2942 1652 2989 et
1690 2931 1934 2990 Satanae
1971 2927 2239 3008 militare,
2280 2943 2341 2992 et
2378 2933 2498 2996 eius
2536 2955 2640 2996 ar·-

405 3026 585 3088 tificio
633 3021 924 3106 instigari
943 3022 1000 3083 in
1052 3033 1170 3089 tam
1205 3041 1449 3082 coecum
1504 3021 1780 3082 furorem.
1858 3021 2009 3082 Hinc
2049 3033 2139 3083 tot
2172 3045 2376 3108 graves
2413 3037 2637 3124 motus,

329 3128 338 3138 “
405 3131 502 3182 tot
537 3117 778 3180 infestae
827 3115 1315 3196 conspirationes,
1364 3126 1459 3176 tot
1504 3115 1768 3176 scelerati
1815 3108 2217 3196 improborum
2268 3114 2505 3188 conatus
2556 3123 2635 3182 ad

403 3210 838 3294 impediendum
875 3207 1176 3291 Evangelii
1213 3229 1473 3284 cursum,
1508 3229 1657 3290 quos
1697 3210 1903 3290 passim
1926 3209 2124 3272 ‘refert
2160 3203 2361 3277 Lucas.
2416 3205 2633 3276 Deni-

405 3325 520 3390 que
555 3303 727 3380 sicuti
779 3323 844 3364 re
889 3302 1010 3394 ipsa
1051 3299 1272 3382 experti
1310 3314 1445 3362 sunt
1484 3299 1782 3383 Apostoli,
1843 3285 2036 3408 ignem
2088 3317 2148 3366 et
2178 3292 2445 3390 gladium
2501 3326 2631 3368 esse
2662 3321 2683 3340 ⁸
2746 3373 2748 3376 Α

401 3397 703 3481 Evangelii
741 3396 1092 3468 doctrinam,
1154 3395 1232 3456 ita
1279 3393 1352 3455 ab
1396 3415 1597 3456 eorum
1639 3395 1993 3482 experientia
2008 3383 2356 3460 'discendum
2400 3408 2516 3474 est,
2565 3413 2628 3462 et

401 3491 690 3564 obstinata
731 3490 977 3554 Satanae
1027 3488 1272 3562 malitia,
1319 3499 1382 3548 et
1432 3485 1585 3550 fatali
1635 3488 1931 3566 hominum
1988 3491 2345 3552 contumacia
2394 3513 2628 3574 semper

334 3609 346 3616 ·
399 3584 564 3660 fore,
623 3595 691 3644 ut
743 3581 966 3668 magnis
1023 3579 1432 3644 certaminibus
1473 3578 1847 3665 Evangelium
1896 3569 2239 3663 impetatur,
2297 3599 2478 3664 eaque
2530 3605 2622 3646 res

398 3676 709 3743 horribiles
746 3689 940 3740 motus
978 3676 1250 3736 concitet.
1339 3672 1559 3735 'Verum
1600 3694 1667 3734 ex
1703 3675 1941 3736 adverso
1984 3673 2161 3734 refert
2190 3673 2413 3761 Lucas,
2454 3672 2623 3758 Apo-

397 3768 586 3844 stolon
617 3772 830 3830 invicta
867 3767 1042 3832 animi
1081 3765 1425 3828 fortitudine
1466 3779 1525 3827 et
1563 3767 1882 3830 constantia
1922 3767 2295 3831 nibilominus
2338 3789 2619 3848 exsequu-

395 3873 488 3936 tos
527 3881 672 3938 esse,
708 3860 869 3942 quod
888 3860 1154 3922 divinitus
1191 3859 1300 3920 sibi
1337 3857 1665 3922 mandatum
1706 3879 1828 3921 csse
1868 3872 2174 3920 noverant:
2214 3849 2379 3923 simul
2404 3859 2619 3940 quauta

394 3955 706 4022 tolerantia
751 3955 1076 4017 innumeras
1127 3949 1447 4027 molestias,
1494 3951 1711 4028 taedia,
1774 3951 2145 4036 indignitates
2197 3947 2619 4052 devoraverint,
2740 3967 2742 4009 ι

395 4069 567 4130 quam
605 4048 897 4130 patienter
942 4065 1138 4109 saevos
1185 4047 1699 4128 persequutionum
1751 4047 1959 4106 fluctus
1997 4026 2404 4118 sustinuerint,
2443 4064 2615 4126 quam

394 4141 701 4224 denique
679 4163 744 4204 ιιι
781 4138 1011 4222 probris
1050 4150 1112 4200 et
1148 4157 1320 4200 omne
1359 4159 1543 4228 genus
1572 4138 1857 4200 aerumnis
1895 4137 2254 4218 perferendis
2279 4141 2447 4224 aequi
2484 4136 2617 4198 suc-

391 4231 545 4314 rint,
589 4244 1024 4307 commemorat.
1099 4229 1338 4292 Talibus
1389 4249 1531 4316 vero
1578 4229 1848 4312 exemplis
1888 4221 2235 4294 instituimur
2274 4233 2343 4294 ad
2384 4233 2611 4314 patien-

391 4326 550 4388 tiam.
642 4328 792 4390 Nam
854 4343 1032 4407 quum
1088 4321 1557 4419 pronuntiaverit
1602 4321 1780 4384 Filius
1816 4316 1962 4400 Dei,
2020 4323 2268 4388 Crucem
2312 4327 2611 4410 Evangelii
2736 4347 2738 4427 ι
