2788 4713
1045 160 1067 198 k

953 314 958 319 ,
1047 259 1318 326 CAPUT
1357 262 1523 323 xm.
1604 268 1615 277 ’
1786 274 1797 289 ·
1978 273 1987 283 ·
2148 342 2161 355 .
2282 277 2397 337 257

149 406 390 481 stendo,
427 404 546 466 Dei
585 401 932 485 praesidinm
971 422 1008 463 ο
1053 424 1296 484 ponere,
1333 424 1505 486 quem
1544 406 1657 467 sibi
1694 412 1973 487 regnandi
2014 424 2138 475 esse
2166 426 2381 477 ‚aucto-

151 507 284 547 rem
319 483 560 544 sciebat.
635 479 754 541 Sed
793 500 972 558 quum
1049 500 1192 561 gnra
1231 496 1379 541 esset
1417 483 1539 543 veri
1576 484 1852 559 messiae,
1902 491 2108 550 scimus
2154 491 2212 551 in
2268 494 2391 554 ein,

150 574 416 643 persona
473 556 646 617 nobis
707 555 1044 617 adumbrata
1105 576 1263 631 esse,
1311 576 1460 649 quae
1520 562 1751 620 nonnisi
1790 563 1849 621 in
1888 564 2151 626 Messinm
2198 566 2390 629 solide

153 646 526 727 competunt.
601 632 680 691 Et
731 642 1030 691 contextus
1083 632 1218 691 satis
1267 636 1483 693 evincit
1532 656 1656 695 uon
1701 636 2015 719 simplicem
2056 643 2267 703 nudam
2314 662 2389 705 ue

153 726 478 795 gratiarum
517 710 824 777 actionem,
868 724 1013 787 quae
1051 727 1240 789 regno
1277 709 1513 769 Davidis
1554 716 1879 785 convenias
1916 717 2015 775 sed
2056 716 2225 779 altius
2264 722 2283 779 i
2334 723 2387 781 ic

157 788 498 847 vaticinium
539 784 844 845 contineri.
935 784 1042 843 Vix
1081 786 1238 843 enim
1278 787 1647 846 centesimam
1672 790 1895 869 gloriae
1932 804 2176 869 partem,
2216 814 2387 874 quam

159 865 282 924 illic
323 862 644 942 praedicat,
693 856 972 919 Davidem
1027 860 1084 918 in
1135 881 1236 919 sua
1271 862 1388 921 vita
1440 862 1645 923 libasse
1684 866 1815 925 satis
1856 879 2057 927 notum
2100 880 2212 928 est:
2277 891 2387 951 qua

161 941 237 999 d‘e
277 960 344 998 re
393 936 556 1019 plura
605 935 844 995 diximus
891 956 1063 1013 supra
1107 936 1168 994 in
1219 950 1397 1015 caput
1428 945 1485 1001 4.
1558 940 1730 999 Nune
1779 942 2015 1032 propius
2057 945 2391 1007 intueamur

157 1016 364 1075 verba.
442 1016 740 1073 Vocantur
777 1011 1010 1089 quidem
1051 1032 1218 1090 reges
1254 1013 1314 1072 in
1357 1035 1666 1073 commune
1701 1015 1805 1077 filii
1841 1019 1979 1093 Dei,
2013 1017 2163 1081 Psal.
2198 1027 2296 1093 82,
2333 1027 2389 1085 6.

161 1092 290 1151 Sed
340 1112 514 1169 quum
553 1089 670 1147 Dei
720 1088 1026 1147 consilium
1073 1089 1176 1160 sit,
1215 1090 1499 1148 Davidem
1547 1091 1781 1171 regibus
1821 1094 1943 1154 aliis
1994 1096 2289 1175 praeferre
2330 1110 2393 1158 et

163 1168 413 1227 eximere
451 1166 683 1225 illorum
723 1183 1000 1237 numero,
1049 1163 1143 1223 hic
1197 1164 1437 1224 honoris
1484 1167 1687 1227 titulus
1734 1171 1845 1225 κατ’
1884 1172 2081 1241 ἐξοχὴν
2110 1170 2198 1230 iili
2248 1191 2391 1253 prae

159 1243 286 1305 aliis
325 1242 594 1303 omnibus
636 1238 942 1299 tribuitur-2
994 1261 1116 1299 non
1169 1241 1328 1319 quod
1375 1253 1569 1301 tantus
1620 1244 1815 1320 honor
1860 1247 2097 1325 proprie
2144 1248 2203 1305 in
2254 1269 2391 1329 Per..

157 1340 306 1381 sona
357 1320 479 1381 eius
531 1316 810 1387 resideat,
871 1316 1006 1393 quia
1063 1315 1176 1375 hoe
1221 1318 1402 1376 modo
1452 1320 1671 1399 angelis
1722 1340 1957 1413 quoque
2008 1328 2393 1401 praestarium·-

159 1406 344 1470 esset,
393 1407 461 1455 ut
497 1393 750 1451 habetur
785 1390 859 1449 ad
899 1390 1080 1450 Hebr.
1120 1398 1180 1465 1,
1219 1399 1276 1455 4.
1353 1392 1558 1474 Itaque
1601 1396 1821 1457 Christi
1869 1410 2165 1476 respectu,
2228 1401 2391 1461 cuius

157 1473 354 1555 imago
408 1480 562 1542 erat,
610 1480 734 1527 tam
783 1466 1086 1549 magnifice
1128 1480 1382 1542 ornatur*
1418 1481 1484 1528 ut
1530 1490 1662 1529 eum
1700 1472 1859 1545 Deus
1900 1494 2022 1532 non
2074 1474 2392 1556 vulgarem,

157 1570 274 1607 nec
311 1546 562 1626 aliquem
603 1564 672 1603 ex
709 1542 920 1617 multis,
957 1544 1056 1603 sed
1092 1544 1252 1623 quasi
1289 1538 1653 1626 unigenitum
1694 1548 1873 1607 lilium
1913 1564 2204 1629 agnoscat.
2284 1553 2391 1611 Se.

163 1628 365 1716 quitur
403 1620 715 1703 probatio,
757 1619 911 1695 Quia
949 1610 1109 1679 Deus
1149 1621 1332 1711 ipsum
1372 1620 1669 1701 genuerit,
1711 1646 1885 1702 quum
1926 1645 2170 1705 regnum
2210 1629 2394 1689 stabi-

159 1702 289 1761 livit
324 1701 384 1759 in
425 1698 548 1757 eius
587 1717 788 1754 mann:
838 1715 1028 1775 neque
1070 1716 1224 1755 enim
1251 1698 1565 1771 hominum
1606 1692 1881 1759 industria
1930 1690 1987 1759 id
2031 1702 2241 1763 sactum
2286 1710 2433 1777 est„
2512 1751 2516 1761 .

160 1778 266 1839 sed
313 1776 475 1834 Deus
525 1772 796 1832 invictam
847 1790 1048 1831 manus
1097 1792 1232 1833 suae
1281 1772 1553 1832 virtutem
1606 1792 1637 1837 e
1678 1774 1848 1836 coelo
1899 1780 2176 1851 exseruit,
2238 1782 2395 1840 u'nde

159 1854 353 1935 palam
378 1860 676 1911 constaret
714 1848 896 1927 ipsum
924 1844 1114 1908 divino
1157 1848 1404 1909 consilio
1444 1870 1507 1909 re
1554 1872 1709 1910 nare.
1784 1852 1945 1933 Ergo
1983 1847 2249 1929 genitura
2288 1857 2396 1919 ista

165 1930 330 1991 cuius
378 1924 643 1987 meminit
699 1925 770 1983 ad
819 1923 1113 1982 hominum
1161 1942 1389 1984 sensum
1448 1948 1515 1985 ve
1601 1925 1870 1987 notitiam
1928 1930 2135 1989 referri
2187 1931 2393 1991 debet:

165 2024 302 2065 nem
349 2025 378 2062 e
403 2002 562 2082 quod
602 1998 788 2080 palam
825 2010 966 2068 tunc
987 2002 1282 2081 cognitum
1310 2014 1417 2074 est,
1454 2002 1717 2085 genitum
1756 2004 1929 2063 fuisse
1969 2027 1999 2065 a
2023 1996 2178 2081 Deo,
2218 2014 2394 2087 quum

163 2083 312 2141 mira
357 2080 512 2141 iliter
547 2076 716 2159 regni
755 2074 966 2135 solium
1004 2090 1235 2155 praeter
1255 2079 1513 2138 omnium
1554 2099 1715 2160 spem
1756 2084 2117 2157 conscendit,
2156 2095 2216 2142 et
2255 2099 2397 2143 c'oe-

163 2157 325 2218 lestis
349 2157 598 2237 Spiritus
635 2154 848 2212 virtute
886 2151 1212 2217 innumeras
1250 2152 1427 2237 freg'it
1462 2157 1939 2237 conspirationes,
1978 2159 2111 2237 quia
2148 2168 2399 2241 'regnare

167 2254 291 2294 non
339 2242 574 2313 poterat
644 2229 753 2287 nisi
809 2226 1080 2309 gentibus
1143 2231 1413 2291 omnibus
1469 2232 1674 2293 vicinis
1731 2231 1837 2291 s'ub
1898 2235 2096 2315 iugum
2159 2238 2398 2309 coactis,

168 2309 330 2392 quasi
369 2308 608 2369 subacto
649 2303 902 2385 quodam
939 2304 1177 2365 mundo.
1238 2304 1423 2366 Nunc⁸
1448 2308 1517 2367 ad
1560 2308 1851 2369 Christum
1888 2310 2197 2370 veniamus.
2256 2314 2397 2374 Non

211 2386 394 2448 rodiit
431 2395 590 2445 certe
629 2383 688 2442 in
727 2381 1002 2440 mundum
1042 2383 1166 2441 sine
1204 2383 1565 2456 testimonio,
1608 2405 1725 2462 quo
1764 2403 1826 2442 se
1865 2383 2076 2443 Filium
2102 2387 2215 2456 Dei
2256 2407 2397 2476 pro-

167 2409 369 2524 liaret:
409 2460 720 2538 conspicua
761 2458 915 2516 enim
955 2457 1069 2516 fuit
1107 2459 1226 2518 eius
1267 2457 1489 2540 gloria,
1530 2459 1710 2538 qualis
1752 2460 1997 2532 decebat
2036 2463 2397 2542 unigenitum

171 2527 319 2610 Dei,
375 2537 526 2598 sieut
579 2535 822 2592 habetur
869 2533 958 2592 Io.
999 2539 1067 2606 1,
1121 2541 1214 2598 14.
1275 2541 1335 2592 et
1383 2535 1591 2614 passim
1640 2535 1815 2593 iactat
1852 2553 1913 2593 se
1950 2536 2140 2594 Deum
2184 2536 2397 2596 babere

169 2627 386 2681 testem
425 2633 492 2672 ac
527 2610 810 2669 vindicem
861 2609 1026 2670 buius
1077 2609 1334 2668 honoris.
1422 2607 1649 2670 Genuit
1698 2631 1840 2692 ergo
1878 2611 2039 2670 Deus
2080 2612 2399 2685 Christum,

171 2711 358 2771 quum
399 2688 456 2747 ei
495 2697 676 2747 certas
725 2696 888 2745 notas
927 2681 1262 2765 insculpsit,
1309 2681 1467 2744 unde
1505 2703 1637 2747 vera
1678 2694 1737 2746 et
1774 2701 2037 2766 expressa
2076 2687 2225 2746 illius
2266 2689 2397 2748 effi-
2430 2689 2437 2694 ’

219 2771 300 2827 ies
349 2777 410 2826 et
458 2761 605 2822 filius
651 2773 1078 2852 agnosceretur.
1151 2762 1358 2840 Neque
1407 2773 1601 2822 tamen
1652 2763 1767 2823 hoc
1820 2763 2041 2835 obstat,
2090 2765 2400 2844 quominus
2466 2759 2477 2774 ‘

173 2789 445 2908 {hristus
482 2840 760 2920 sapientia
805 2837 878 2897 sit
933 2836 1004 2896 'ab
1057 2847 1298 2897 aeterno
1337 2838 1513 2898 Patre
1563 2849 1696 2897 ante
1746 2849 1861 2896 tem
1910 2851 1994 2910 uss
2054 2842 2234 2908 emta,
2298 2837 2399 2898 secl

172 2921 274 2984 illa
312 2937 518 2980 arcana
568 2926 653 2976 est
698 2914 1027 3006 generatio:
1075 2933 1232 2974 nunc
1279 2926 1471 2974 autem
1520 2915 1813 2995 praedicat
1904 2914 2009 2974 avi«
2074 2915 2402 2978 manifesta·-

169 3011 300 3060 tum
341 2996 516 3055 fuisse
557 2990 910 3052 hominibus.
961 2990 1051 3050 Ita
1090 2989 1298 3052 relatio
1341 3003 1429 3052 est
1463 2992 1529 3050 ut
1567 2983 1805 3052 diximus
1840 2991 1910 3051 ad
1954 2991 2236 3064 homines,
2276 3009 2401 3052 non

175 3075 250 3136 ad
285 3074 478 3132 Deum
519 3068 652 3150 quia
705 3066 864 3147 quod
914 3065 1314 3127 absconditum
1375 3068 1441 3127 in
1476 3061 1594 3127 Dei
1656 3067 1834 3128 corde
1896 3080 2019 3128 erat
2071 3059 2400 3129 bominibus

173 3148 362 3232 palam
400 3146 679 3206 innotuit.
755 3143 834 3201 Et
869 3141 1100 3224 elegans
1139 3147 1226 3204 est
1265 3143 1480 3225 figura,
1530 3144 1691 3224 qnod
1728 3156 1855 3204 non
1892 3141 2078 3204 minus
2121 3144 2269 3204 cl‘are
2308 3155 2399 3202 te-

173 3238 324 3288 stata
359 3223 695 3301 sancitaque
735 3217 848 3278 fuit
870 3217 1087 3280 Christi
1129 3219 1414 3295 divinitas,
1453 3233 1622 3302 quam
1660 3220 1708 3280 si
1748 3231 1881 3280 ante
1920 3219 2217 3279 hominum
2262 3241 2401 3278 ocu-⁵

177 3303 268 3362 ios
305 3301 536 3384 genitus
575 3319 610 3358 a
645 3295 780 3355 Deo
819 3295 991 3355 foret.
1067 3295 1202 3355 Scin
1225 3291 1537 3377 Augustini
1575 3297 1852 3377 argutiam
1893 3285 2179 3374 plerisque
2219 3295 2401 3376 magis

221 3379 440 3449 lacere,
493 3371 654 3455 quod
688 3368 854 3432 Ιιοᾶἰο
891 3382 1236 3452 perpetuum
1274 3383 1533 3432 notetur.
1609 3373 1791 3452 Atqui
1840 3371 1941 3430 ubi
1982 3371 2229 3451 Spiritus
2280 3373 2402 3452 ipse

177 3399 294 3514 Boi
332 3455 623 3532 interpres
660 3469 794 3508 suus
833 3457 940 3524 est,
979 3457 1041 3507 et
1119 3446 1238 3506 uod
1272 3465 1380 3528 per
1416 3447 1695 3509 Davidem
1734 3447 1951 3508 dixerat
1987 3464 2093 3527 per
2132 3469 2196 3506 os
2236 3443 2403 3507 Pauli

161 3529 451 3612 exponit,
501 3524 676 3587 nobis
724 3525 807 3586 fas
854 3543 973 3584 non
1025 3469 1114 3584 esti
1146 3521 1316 3582 alium
1354 3541 1583 3583 sensum
1623 3523 1993 3586 comminisci.
2070 3524 2405 3595 Caeterum,

222 3609 362 3668 uu'm
403 3603 611 3665 eodem
649 3601 834 3662 Paulo
874 3607 1021 3659 teste
1057 3598 1259 3678 (Rbm-
1289 3604 1347 3672 1,
1387 3599 1475 3674 4.)
1516 3599 1777 3660 Christus
1810 3599 1877 3658 ‘in
1918 3600 2178 3679 potentia
2221 3594 2406 3657 ma'ni-

179 3627 418 3744 ?estatus
456 3679 632 3738 suerit
667 3677 849 3738 Filius
886 3675 1034 3750 Dei,
1095 3689 1272 3755 quum
1320 3674 1630 3734 resurrexit
1666 3695 1699 3734 a
1738 3675 2014 3750 mortuis,
2079 3675 2211 3738 colli
2240 3675 2404 3732 'imus

179 3761 296 3820 ho'c
335 3755 668 3839 primarium
709 3753 880 3814 fuisse
921 3750 1188 3812 coelestis
1227 3749 1596 3810 excellentiae
1618 3751 1933 3829 specimen,
1972 3763 2033 3810 et
2068 3759 2208 3810 tunc
2281 3747 2440 3808 atrt'
2488 3757 2499 3764 ’

177 3849 320 3896 vere
359 3847 492 3892 eum
529 3832 592 3890 in
631 3831 818 3891 lucem
861 3827 1093 3901 extulit,
1159 3837 1224 3885 ut
1273 3821 1522 3886 mundus
1576 3825 1700 3906 ipso
1752 3827 2013 3908 genitum
2062 3846 2185 3886 esse
2234 3823 2409 3883 sciret

181 3910 468 3986 Quamvis
520 3927 662 3990 ergo
711 3904 972 3967 suscitari
1010 3903 1276 3966 Christus
1324 3923 1358 3962 a
1394 3904 1527 3963 Deo
1582 3905 1870 3983 coeperit,
1918 3903 2149 3982 quando
2190 3899 2399 3980 prodiit

179 3991 240 4048 in
283 3984 582 4058 mundum,
623 3981 970 4044 resurrectio
1011 3989 1204 4039 tamen
1245 3978 1404 4058 quasi
1444 3979 1589 4039 iusta
1630 3987 1690 4038 et
1728 3979 1895 4058 plena
1932 3977 2223 4037 suscitatio
2267 3973 2405 4032 suit:

179 4063 320 4144 quia
359 4081 534 4142 quum
575 4061 732 4142 prius
774 4055 1091 4116 exinanitus
1133 4063 1280 4114 esset
1321 4055 1504 4115 forma
1543 4054 1688 4114 servi
1730 4067 1965 4134 accepta
2002 4051 2179 4135 (Phil.
2205 4057 2263 4140 24,
2301 4051 2406 4123 7.),

181 4151 324 4199 tunc
363 4141 552 4196 victor
591 4134 796 4194 mortis
837 4143 896 4192 et
933 4130 1198 4190 dominus
1233 4130 1382 4190 vitae
1425 4133 1685 4198 emersit,
1739 4144 1803 4189 ut
1854 4129 1991 4202 nihil
2030 4128 2099 4188 ad
2140 4137 2405 4186 maiesta-

179 4226 302 4276 tem
340 4213 459 4273 Dei
495 4213 542 4272 F
546 4211 648 4272 ilio
689 4222 748 4270 et
789 4206 1022 4288 quidem
1062 4205 1365 4290 unigenito
1407 4205 1639 4290 dignam
1679 4205 1759 4266 illi
1800 4205 2039 4266 deesset.

334 4297 428 4356 3-1.
507 4287 648 4346 Non
683 4303 1037 4346 mmmm
1061 4279 1321 4358 posthc.
1381 4283 1645 4344 Alterum
1671 4301 1825 4340 nunc
1850 4279 2171 4339 membrum
2195 4281 2411 4356 attexit,

185 4367 484 4430 Christum
525 4362 702 4424 semel
743 4363 1044 4424 excitatum
1093 4381 1126 4422 a
1175 4357 1421 4424 mortuis
1464 4371 1532 4420 ut
1579 4370 1877 4418 aeternum
1914 4355 2093 4430 vivat,
2134 4359 2411 4437 quemad-

234 4463 422 4512 ωτι-ί
449 4473 690 4512 ωσι-«ιιι.
712 4463 761 4510 ε.
780 4467 892 4510 aaa
908 4463 1072 4521 apen.
1747 4437 1823 4496 1⁰7
