2788 4713
887 177 934 193 Q

303 244 376 311 ‘e
1119 241 1205 303 IN
1243 188 1469 301 Aen
1508 236 1797 303 APOST.

333 386 452 449 suis
477 386 742 467 'inspirat
773 386 1096 461 Dominus,
1145 395 1546 477 congruenter
1592 383 1665 445 ad
1714 404 1841 445 eam
1900 380 2305 447 accommodat
2352 382 2594 445 Ioannis

333 462 752 525 testimonium.
836 462 917 525 Et
977 472 1138 523 certe
1195 460 1309 521 fuit
1353 458 1456 521 ille
1500 462 1659 539 qnasi
1705 460 1887 521 totius
1934 458 2218 521 ecclesiae
2264 458 2593 521 communis

334 538 670 620 baptismus.
761 540 1173 619 Praeterquam
1233 538 1386 605 enim
1446 535 1606 617 quod
1666 556 1791 597 uon
1851 536 1965 597 sibi
2012 535 2314 615 privatim,
2372 535 2475 597 sed
2526 537 2595 595 in

335 637 502 677 usum
541 617 801 687 omnium
837 613 1091 675 fidelium
1129 614 1414 695 Spiritum
1452 625 1806 704 receperunt
1838 611 2291 694 Apostoll,⁶illic
2332 612 2491 692 quasi
2532 611 2597 671 in

333 712 362 753 s
441 692 574 754 curlo
613 702 844 755 ostensa
881 691 994 753 suit
1027 689 1362 754 universalis
1404 688 1623 751 Chrisu
1664 708 1809 771 ergo
1848 692 2009 751 suam
2048 688 2345 751 ecclesiam
2386 689 2601 771 gratia,

381 790 477 829 um
535 768 713 849 pleno
777 789 997 844 cornu,
1043 779 1110 828 ut
1146 765 1344 841 aiunt,
1393 765 1646 846 Spiritus
1684 769 1775 827 sui
1814 766 1968 827 dona
2020 764 2247 827 effudit.
2336 766 2601 826 Tametsi

339 844 356 861 ⁰
402 844 516 907 'tur
551 845 813 926 quotidie
852 844 1069 907 electos
1115 842 1306 905 Patris
1345 841 1437 903 sui
1474 841 1737 934 baptizat
1758 842 2045 919 Christus,
2081 864 2207 903 non
2242 854 2439 903 tamen
2482 840 2601 903 hoc

335 866 556 997 ¹effluat,
593 943 712 1002 quo
752 922 940 985 minus
977 920 1090 981 rite
1131 919 1246 981 hoc
1284 939 1424 1000 prae
1464 918 1593 980 aliis
1628 918 2010 981 memorabile
2048 919 2347 999 specimen
2387 929 2603 998 protu-

335 994 503 1073 lerit,
541 1008 608 1059 ut
634 999 851 1059 scirent
876 994 1170 1077 Apostoli,
1205 1007 1437 1057 tautum
1472 1011 1535 1057 se
1568 994 1875 1059 inchoatos
1912 996 2085 1057 fuisse
2122 1016 2159 1057 a
2187 996 2447 1059 Ioanne:
2488 1014 2603 1055 ne·-

337 1093 454 1155 que
489 1073 550 1133 id
591 1074 821 1150 frustra,
861 1094 1037 1155 quum
1119 1071 1363 1133 erfectio
1402 1073 1663 1133 instaret.
1744 1072 1927 1146 Quod
1966 1084 2159 1134 autem
2198 1091 2267 1131 ex
2306 1070 2419 1133 hoc
2456 1069 2603 1133 loco

336 1162 400 1211 et
443 1148 722 1212 similibus
768 1150 944 1233 vulgo
993 1169 1066 1211 co
1113 1150 1130 1209 i
1175 1160 1302 1224 unt,
1339 1148 1627 1213 diversum
1676 1148 1855 1211 fuisse
1890 1148 2129 1215 Ioannis
2182 1148 2527 1229 baptismum
2564 1168 2603 1209 a

252 1300 261 1307 α
337 1225 560 1288 Christi
607 1226 926 1307 baptismo,
975 1226 1124 1287 trivo
1149 1248 1246 1285 um
1297 1238 1403 1287 est.
1476 1227 1687 1306 Neque
1734 1226 1891 1287 enim
1918 1225 2026 1287 bic
2066 1225 2140 1287 de
2178 1224 2465 1305 baptismo
2508 1222 2603 1283 di-

335 1324 364 1363 s
407 1315 633 1365 utatur:
682 1303 786 1365 sed
831 1304 1191 1385 comparatio
1229 1302 1298 1363 fit
1344 1302 1619 1363 duntaxat
1663 1301 1965 1383 utriusque
2012 1312 2314 1382 personae.
2392 1301 2605 1375 Quum

399 1380 568 1441 cebat
619 1378 905 1456 Ioannes,
941 1400 1006 1443 se
1057 1396 1204 1461 aqua
1241 1378 1573 1459 baptizare,
1610 1400 1735 1441 nou
1770 1376 2059 1441 tractabat
2092 1376 2276 1459 qualis
2310 1398 2447 1439 suus
2486 1376 2603 1437 ba-

333 1458 576 1537 ptismus
602 1468 778 1517 esset:
817 1458 921 1519 sed
941 1458 1205 1537 quisnam
1235 1467 1390 1517 esset
1408 1452 1560 1535 ipse:
1600 1475 1678 1515 ne
1702 1455 1864 1535 quod
1887 1455 2191 1536 proprium
2210 1466 2339 1517 erat
2358 1452 2605 1527 Christi,

333 1530 448 1593 sibi
505 1543 828 1615 arrogaret.
913 1531 1427 1607 Quemadmodum
1489 1532 1667 1592 bodie
1733 1533 2007 1595 ministris
2059 1552 2185 1592 non
2224 1530 2395 1591 aliter
2430 1529 2605 1609 loqui

338 1607 414 1669 de
450 1628 514 1671 se
553 1608 638 1669 sas
675 1620 858 1685 esset,
909 1630 1079 1689 quam
1119 1620 1186 1669 ut
1225 1608 1463 1671 Christo
1494 1606 1739 1669 -laudem
1778 1609 2040 1671 omnium
2078 1606 2409 1671 concedant
2444 1626 2605 1686 quae

335 1686 400 1745 in
439 1683 726 1765 baptismo
765 1685 1120 1768 figurantur,
1170 1684 1284 1746 sibi
1325 1677 1473 1745 nibil
1510 1685 1801 1763 reliquum
1833 1686 2085 1760 faciant,
2134 1696 2369 1766 praeter
2406 1693 2603 1744 exter-

338 1780 474 1823 nam
510 1760 1088 1825 administrationem.
1161 1764 1314 1823 Nam
1360 1783 1543 1841 quum
1588 1760 1877 1841 baptismo
1915 1760 2257 1823 tribuuntur
2295 1759 2433 1823 baec
2472 1754 2604 1819 elo-

333 1836 460 1921 gia,
509 1840 670 1919 quod
707 1838 785 1899 sit
821 1838 1106 1901 lavacrum
1143 1858 1206 1899 re
1252 1838 1641 1912 enei-ationis,
1688 1860 1721 1897 a
1760 1840 2013 1919 peccatis
2049 1838 2313 1913 ablutio,
2348 1836 2605 1897 societas

333 1914 540 1975 mortis
571 1927 634 1977 et
664 1915 998 2009 sepulturae
1035 1936 1168 1975 cum
1251 1914 1455 1988 bristo,
1490 1926 1555 1974 et
1591 1914 1787 1975 insitio
1806 1915 1871 1973 in
1895 1914 2019 1973 eius
2036 1934 2275 2005 corpus,
2300 1912 2517 2003 (‘l'it.32
2539 1918 2605 1978 5.

333 1988 510 2056 Rom.
523 1998 582 2065 6,
595 1993 682 2070 4.)
705 1994 774 2054 iis
795 2012 925 2056 non
986 1991 1315 2053 raedieatur
1325 1990 1467 2070 quid
1480 1990 1682 2064 homo,
1698 1990 1919 2057 externi
1929 1989 2081 2071 signi
2094 1988 2609 2065 ministerefficiat,

333 2067 438 2129 aed
449 2088 527 2147 po
534 2070 644 2129 tius
655 2068 792 2147 quid
805 2068 931 2148 ipse
1001 2065 1233 2144 hristus,
1247 2068 1352 2148 qui
1367 2066 1528 2130 solus
1545 2066 1641 2127 dat
1650 2066 1833 2148 siguis
1846 2065 2179 2127 efficaciam.
2218 2067 2383 2127 Haec
2395 2064 2609 2127 distin-

335 2142 458 2204 ctio
495 2162 728 2224 semper
778 2144 1086 2205 retinenda
1125 2157 1243 2217 est,
1283 2162 1369 2203 -ue
1408 2141 1675 2203 homines
1712 2142 1949 2203 nimium
1992 2141 2259 2201 ornando
2302 2141 2607 2203 Christum

333 2218 668 2311 spoliemus.
733 2220 1056 2295 Quaeritur
1088 2232 1303 2294 tamen,
1341 2240 1447 2281 cur
1468 2218 1755 2279 Ioannem
1779 2218 1975 2297 potius
1996 2238 2169 2351 {uam
2192 2216 2369 2280 alium
2392 2237 2603 2296 quem-

332 2316 488 2377 plam
529 2296 624 2360 hic
660 2297 942 2360 nominet.
1026 2296 1289 2358 Primum
1337 2294 1474 2355 satis
1538 2292 1757 2374 liquet,
1802 2294 1963 2374 quod
2036 2313 2254 2355 oannes
2300 2314 2365 2353 se
2414 2314 2607 2374 aquae

333 2373 1284 2512 mum
1317 2369 2455 2450 m
2492 2391 2604 2508 τε

309 2525 516 2598 tebat.
563 2494 580 2511 ⁸
615 2473 1016 2609 Atquipinller
1051 2473 1374 2618 Ap'ostolos
1422 2489 1587 2585 tan’ta
1636 2522 1827 2613 adbuc
1859 2521 2097 2605 vigebat
2132 2467 2607 2584 reverentiaplo-

337 2604 528 2680 annis,
563 2616 631 2666 ut
711 2616 866 2668 osset
905 2604 1124 2666 Christi
1161 2600 1413 2685 gloriam
1450 2620 1575 2660 non
1616 2599 1759 2659 nibal
1798 2599 2136 2663 obscurare.
2210 2599 2374 2681 Ergo
2426 2599 2607 2662 Chri-

337 2687 491 2754 stus,
527 2693 598 2742 ut
634 2627 706 2742 as
751 2701 816 2744 se
865 2703 1046 2742 uuum
1095 2689 1366 2754 revocet,
1410 2685 1635 2738 tantum
1682 2687 1925 2736 externo
1968 2675 2254 2763 baptismo
2300 2696 2337 2737 a
2373 2675 2618 2738 Ioanne.

339 2752 604 2821 initiatos
653 2757 831 2818 fuisse
877 2767 1328 2818 commemorat:
1386 2752 1557 2820 simul
1602 2765 1797 2813 tamen
1850 2773 1954 2814 eos
2004 2753 2343 2826 coufirmat,
2398 2771 2475 2812 ne
2528 2751 2607 2812 de

337 2832 726 2912 promissione
765 2830 1054 2893 dubitent.
1131 2831 1382 2890 Multum
1433 2831 1588 2890 enim
1628 2829 1837 2891 Ioanni
1875 2827 2247 2890 deferebant:
2284 2827 2425 2890 ideo
2462 2849 2607 2910 per-

335 2907 489 2968 suasi
540 2919 707 2968 erant
757 2927 880 2968 nou
929 2907 1166 2966 inanem
1213 2923 1340 2966 esse
1379 2905 1747 2985 baptismum,
1830 2923 1961 2964 uem
1996 2917 2343 2986 receperant
2372 2925 2442 2966 ex
2481 2905 2607 2967 eius

333 3003 530 3045 manu.
613 2983 742 3044 Iam
777 2983 828 3046 si
879 2982 998 3044 eius
1037 2981 1294 3043 efficacia
1309 2992 1407 3072 χοι
1451 2985 1661 3043 veritas
1704 3003 1739 3044 a
1778 2926 2015 3046 Ehristo
2062 3001 2159 3049 ers
2200 2981 2445 3044 ectanda
2496 2994 2609 3059 est,

337 3071 503 3120 certo
557 3059 778 3120 debent
811 3077 1048 3140 sperare
1084 3055 1398 3137 Apostoli„
1449 3057 1805 3138 completum
1854 3057 1927 3118 iri
2047 3057 2127 3120 od
2198 3078 2417 3120 oannes
2454 3058 2609 3141 figu-

339 3136 506 3196 ravit.
584 3135 686 3198 Sic
733 3155 843 3198 nos
896 3145 1150 3196 statuere
1199 3131 1513 3208 debemus,
1564 3154 1688 3196 non
1737 3135 1951 3196 frustra
2034 3133 2244 3203 ominis
2277 3155 2459 3196 manu
2495 3153 2608 3196 nos

339 3209 518 3274 fuisse
567 3233 718 3294 aqua
761 3211 1118 3294 baptizatos,
1158 3210 1294 3290 quia
1333 3208 1621 3286 Christus,
1650 3212 1751 3291 qui
1788 3210 1849 3272 id
1886 3211 2015 3272 fieri
2050 3209 2375 3286 mandavit,
2414 3222 2611 3290 partes

341 3309 470 3350 suas
519 3300 784 3371 peraget,
829 3300 897 3349 ut
941 3309 1054 3350 nos
1092 3287 1349 3379 baptizet
1377 3285 1631 3366 Spiritu.
1692 3287 1794 3349 Sic
1828 3286 1973 3350 fides
2020 3285 2096 3348 ab
2146 3299 2388 3348 externo
2436 3287 2608 3368 signo

341 3364 822 3446 consequentiam
861 3364 1022 3426 ducit
1057 3363 1133 3428 ad
1169 3361 1519 3426 interiorem
1556 3361 1862 3430 effectum:
1910 3383 1987 3424 ne
2030 3383 2123 3424 ue.
2142 3375 2341 3424 tamen
2378 3361 2609 3424 interea

339 3438 432 3503 vel
469 3439 672 3534 signo,
711 3441 803 3501 vel
841 3441 1108 3504 ministro
1147 3439 1277 3520 plus
1349 3461 1479 3510 uam
1521 3459 1636 3531 par
1687 3451 1805 3515 est,
1851 3439 1973 3500 trib
2038 3451 2089 3500 t:
2140 3439 2277 3520 quia
2326 3437 2391 3498 in
2435 3440 2609 3520 signo

339 3519 790 3598 promissionem
827 3519 1094 3580 intuetur
1131 3535 1279 3596 quae
1374 3516 1539 3578 bristi
1580 3527 1685 3592 est,
1724 3527 1788 3578 et
1826 3515 2077 3580 eundem
2114 3513 2305 3578 solum
2340 3513 2611 3596 agnoscit

343 3593 566 3676 gratiae
616 3605 934 3656 auctorem.
1012 3593 1162 3654 Tale
1211 3611 1358 3675 ergo
1410 3603 1933 3672 temperamentum
1970 3611 2293 3665 servemus,
2342 3602 2411 3657 ut
2446 3588 2611 3652 nulla

341 3687 414 3730 eu
447 3681 615 3750 parte
653 3669 948 3731 minuatur
987 3669 1206 3732 Christi
1241 3667 1470 3730 bonor:
1508 3681 1573 3730 et
1608 3681 1805 3733 umen
1846 3667 2121 3744 fructum,
2158 3667 2263 3748 qui
2300 3665 2396 3728 hic
2436 3678 2612 3728 nota-

339 3755 470 3822 tur,
519 3762 814 3826 speremus
854 3765 923 3806 ex
957 3745 1246 3826 baptismo
1285 3757 1509 3808 nostro.
1568 3745 1881 3826 Temporis
1920 3745 2205 3807 brevitate
2236 3763 2339 3806 eos
2364 3743 2435 3804 ad
2456 3743 2613 3806 bene

232 3823 250 3839 ‘
341 3845 370 3885 a
415 3823 694 3884 erandum
753 3821 1064 3884 alacriores
1125 3821 1333 3883 reddit.
1452 3821 1627 3884 Unde
1690 3823 1953 3902 sequitur
2006 3843 2131 3884 non
2192 3819 2617 3903 poenitendam

373 3898 526 3962 uisse
570 3909 856 3974 mortem,
907 3919 1052 3979 quae
1109 3919 1247 3959 mox
1283 3910 1402 3960 tam
1440 3899 1761 3978 pretiosum
1798 3898 2057 3960 fructum
2104 3897 2317 3960 attulit.
2398 3896 2611 3957 Caete-

343 3997 474 4036 rum
512 3976 628 4038 hoc
679 3994 918 4056 quoque
969 3976 1367 4050 observemus,
1405 3974 1687 4054 Baptismi
1724 3995 1943 4038 nomeu
1982 3973 2307 4055 improprie
2330 3973 2424 4037 hic
2446 3993 2611 4034 usur-

421 4061 577 4129 tum,
611 4062 680 4114 ut
721 4050 896 4134 plena
943 4062 1098 4114 esset
1131 4049 1451 4141 antithesis.
1510 4051 1733 4114 Eadem
1770 4050 2003 4112 ratione
2030 4051 2247 4112 Paulus
2306 4061 2615 4130 postquam

341 4070 536 4268 {ehem
585 4149 834 4284 operp’m
879 4127 1108 4268 {ozia-ig,
1144 4127 1695 4284 agaztgitget‘ppfx
1729 4129 1973 4192 adverso
2006 4145 2225 4209 respon
2270 4137 2385 4202 eat,
2424 4126 2615 4208 legem

461 4227 480 4266 ι
519 4227 731 4290 usurpa
819 4227 890 4289 pr
1077 4247 1092 4266 .
1357 4247 1372 4264 .
1572 4248 1587 4264 .
