2788 4713
1121 186 1397 249 CAPUT
1437 186 1517 253 11.
2110 266 2117 279 ,
2372 204 2451 265 23

185 329 456 391 asseritur
492 347 704 391 eorum
743 329 1068 405 doctrinae,
1107 351 1284 413 quam
1319 333 1531 395 seimus
1568 354 1691 399 non
1732 334 2065 415 humanitus
2102 356 2231 401 esse
2264 338 2447 405 sabri-

181 418 376 481 catam,
417 428 616 487 quum
648 408 708 469 in
748 427 954 469 eorum
993 406 1208 491 linguis
1233 408 1519 493 Spiritum
1556 408 1845 486 habitasse
1884 410 2207 485 audiamus.'
2260 417 2437 480 Nunc

180 482 494 545 dicendum
536 496 738 561 restat,
769 484 911 571 quid
950 484 1060 547 sibi
1096 488 1252 561 {gnis
1286 485 1447 548 velit.
1520 486 1741 563 Procul
1779 485 1956 569 dubio
1996 492 2288 561 efficaciae
2330 488 2447 557 fuit

175 558 546 649 symbolum,
601 580 754 643 quae
810 562 1124 623 exserenda
1183 574 1310 626 erat
1354 564 1421 628 in
1464 560 1893 657 Apostolorum
1942 588 2107 647 voce.
2192 572 2441 651 Alioqui

173 650 338 696 etiam
390 638 444 699 si
481 637 930 718 per-sonuissent
967 639 1041 700 ad
1081 649 1369 716 extremos
1408 662 1595 721 usque
1695 642 1836 705 undi
1874 642 2045 721 fines,
2093 647 2238 711 nihil
2276 648 2435 711 aliud

175 734 336 792 quam
388 718 598 773 aer-em
649 714 778 775 sine
821 714 1100 797 profectu
1147 715 1573 780 verberassent.
1713 732 2033 796 emonstrat
2072 724 2269 803 itaque
2302 724 2439 802 Πο-

175 790 352 851 minus
385 790 636 873 igneam
676 791 810 852 fore
850 812 1054 853 eorum
1092 812 1320 867 vocem,
1358 806 1425 856 ut
1462 791 1769 858 hominum
1810 796 1989 856 corda
2026 801 2327 863 accendat:
2367 814 2438 863 ut

179 879 362 925 exusta
419 881 899 949 consumptaque
947 868 1149 931 mundi
1195 868 1488 946 vanitate,
1545 883 1763 953 purget
1810 892 1879 933 ac
1928 886 2177 935 renovet
2221 880 2435 941 omnia.

179 942 407 1036 Alioqui
453 967 770 1025 nunquam
815 957 936 1005 tam
985 946 1232 1015 arduum
1276 969 1488 1022 munus
1538 947 1781 1030 aggredi
1830 947 2076 1011 fuissent
2121 953 2273 1027 ausi,
2320 954 2433 1017 nisi

177 1018 452 1086 Dominus
515 1022 597 1082 de
653 1022 1102 1105 praedicationis
1153 1022 1370 1084 virtute
1420 1026 1703 1092 certiores
1754 1024 1886 1089 illos
1936 1024 2189 1099 fecisset.
2277 1030 2437 1093 Hinc

173 1092 372 1157 ectum
447 1110 581 1172 est,
657 1109 726 1159 ut
795 1120 918 1167 non
989 1100 1326 1164 resonuerit
1392 1112 1623 1169 tantum
1702 1102 1765 1162 in
1812 1098 1952 1165 ae‘re
2001 1101 2060 1162 A
2102 1103 2429 1169 ostolorum

166 1170 453 1251 ‹locu-ina,
493 1175 602 1237 sed
627 1174 692 1241 in
709 1176 1014 1237 hominum
1049 1188 1278 1238 mentes
1317 1178 1663 1257 penetrarit,
1700 1200 1767 1240 ac
1808 1200 1903 1239 eas
1943 1124 2187 1243 coelesti
2222 1178 2435 1243 ardore

159 1248 514 1329 impleverit.
617 1249 830 1344 Neque
895 1252 1039 1321 baec
1110 1252 1194 1315 vis
1259 1264 1488 1323 tantum
1562 1256 1625 1317 iu
1688 1274 1792 1317 ore
1829 1253 2257 1337 Apostolorum
2322 1257 2437 1319 fuit

161 1339 412 1403 ostensa,
433 1328 546 1391 sed
577 1328 844 1409 quotpfle
867 1330 1216 1391 ostenditur.
1275 1329 1463 1422 Atqui
1502 1350 1574 1393 eo
1615 1331 1801 1413 magis
1839 1334 2159 1424 cavpndum
2201 1346 2317 1411 est,
2356 1356 2436 1398 ne

44 1406 46 1417 '
155 1422 328 1537 guum
377 1406 550 1487 ignis
588 1406 784 1498 ardet²
835 1410 1017 1467 instar
1051 1405 1531 1498 stipulaesimus.
1608 1406 1802 1471 Porro
1845 1409 2127 1490 Spiritum
2167 1424 2429 1480 sanctum

44 1418 61 1553 l
207 1481 452 1545 ominus
500 1476 682 1543 semel
722 1482 1018 1562 discipulis
1055 1505 1172 1551 sms
1211 1483 1468 1555 contulit
1502 1484 1610 1545 sub
1650 1484 1861 1546 visibili
1898 1486 2113 1567 specie,
2153 1498 2225 1565 ut
2261 1500 2429 1561 certo

153 1568 518 1647 statuamus,
563 1572 864 1641 nunquam
919 1557 1218 1624 Ecclesiae
1269 1559 1601 1621 defuturam
1651 1560 1999 1635 invisibilem
2040 1576 2103 1625 et
2138 1564 2429 1627 occultam

157 1652 270 1697 ems
307 1636 597 1719 gratiam.
1011 1690 1018 1695 .

293 1720 360 1779 3.
393 1710 703 1792 Seditque.
812 1712 1117 1788 Quoniam
1174 1712 1370 1775 subita
1433 1724 1523 1774 est
1568 1714 1797 1775 numeri
1846 1716 2124 1792 mutatio,
2188 1716 2430 1780 dubium

157 1798 236 1849 est
271 1810 348 1851 an
403 1791 498 1851 de
531 1789 660 1871 igni
703 1787 1000 1870 loquatur.
1075 1790 1319 1859 Dixerat
1364 1788 1592 1873 linguas
1638 1803 1915 1885 tanquam
1966 1812 2033 1853 ex
2070 1793 2204 1877 ‘igni
2249 1815 2433 1888 appa-

44 1916 46 1923 .
153 1866 363 1928 ruisse:
417 1870 699 1947 sequitur
739 1886 918 1927 mox.r
953 1866 1244 1947 Seditque.
1273 1887 1452 1948 super
1498 1888 1619 1929 eos.
1696 1870 1829 1950 Ego
1878 1880 2073 1933 tamen
2124 1868 2199 1933 ad
2236 1872 2429 1953 Spiri-

155 1952 270 2004 tum
307 1944 546 2005 resero.
623 1937 912 2004 Hebraeis
945 1946 1104 2007 ‚enim
1145 1942 1425 2005 familiare
1454 1956 1561 2021 est,
1598 1944 2019 2011 substantivum
2043 1946 2230 2021 verbi,
2266 1948 2429 2027 quod

44 2020 47 2051 ³
155 2022 348 2096 priore
387 2018 674 2082 membro
715 2021 1052 2097 omiserant,
1089 2022 1152 2081 in
1191 2021 1452 2082 secundo
1492 2024 1833 2102 exprimere.
1895 2022 2088 2097 Quale
2112 2021 2206 2084 hic
2232 2044 2427 2085 exem-

157 2094 306 2231 glum
355 2110 486 2160 est:
525 2097 682 2159 sedit
725 2116 904 2177 super
951 2118 1086 2173 eos,
1134 2110 1198 2158 et
1243 2096 1457 2179 repleti
1502 2109 1640 2159 sunt
1686 2118 1890 2159 omnes
1930 2099 2154 2181 Spiritu
2200 2115 2426 2163 sancto.

197 2174 376 2237 cirnus
419 2186 623 2249 autern
660 2174 900 2245 Lucam,
935 2176 1167 2241 tametsi
1202 2174 1436 2237 Graece
1472 2176 1793 2256 scripserit,
1829 2174 2189 2242 Hebraismis
2225 2190 2425 2245 tamen

157 2249 479 2313 abundare.
563 2250 690 2313 Iam
791 2250 912 2311 uod
958 2252 1244 2333 Spiritum
1301 2265 1567 2313 sanctum
1626 2251 1861 2327 ling-uas
1918 2266 2126 2329 vocat,
2184 2275 2253 2317 ex
2312 2276 2423 2317 usu

159 2326 500 2412 scripturae
541 2340 650 2389 est.
782 2348 874 2389 am
914 2340 976 2390 et
1013 2329 1342 2390 columbam
1379 2328 1637 2390 Ioannes
1691 2328 1902 2389 eodem
1941 2331 2181 2392 nomine
2220 2330 2423 2425 appel-

157 2403 236 2463 lat
279 2407 404 2486 (lo.
438 2413 500 2482 1,
535 2407 697 2482 320:
773 2405 908 2486 quia
957 2405 1244 2466 eiusmodi
1282 2405 1555 2488 symbolo
1596 2405 1849 2486 Spiritus
1894 2407 1985 2466 sui
2035 2419 2425 2490 praesentiam

159 2485 358 2544 testari
403 2483 702 2550 Dominus
747 2481 1003 2550 nolebat.
1089 2483 1156 2545 Si
1203 2484 1381 2546 inane
1430 2493 1587 2546 esset
1636 2484 1903 2563 siguum,
1960 2481 2214 2544 absurda
2270 2496 2425 2546 esset

159 2559 521 2694 appellatio:
562 2559 665 2620 sed
705 2558 809 2622 ubi
845 2579 940 2628 res
980 2571 1069 2622 est
1104 2579 1346 2634 annexa,
1381 2570 1789 2642 ,congruenter
1827 2558 1949 2622 eius
1988 2578 2209 2639 nomen
2244 2560 2294 2624 si
2340 2583 2419 2625 no

46 2672 51 2715 χ
155 2634 235 2692 tn·
281 2635 466 2706 uitur,
501 2635 661 2715 quod
699 2635 881 2716 ipsam
929 2634 1194 2696 sensibus
1246 2635 1464 2696 nostris
1512 2633 1950 2714 percipiendam
2001 2631 2201 2698 offert.
2353 2657 2417 2697 e-

46 2778 47 2784 ,
155 2711 372 2772 nitndo
413 2713 694 2792 Spiritus,
734 2733 847 2791 qua
884 2711 1148 2794 singulos
1188 2711 1364 2772 fuisse
1403 2711 1655 2773 donatos
1692 2709 1926 2785 asserit,
1978 2731 2103 2770 non
2153 2715 2422 2794 exprimit

153 2788 460 2872 aequalem
495 2789 792 2851 donorum
821 2809 1154 2850 mensuram
1191 2791 1254 2852 in
1273 2805 1659 2869 unoquoque,
1695 2785 1799 2848 sed
1837 2786 2237 2851 excellentiam
2263 2811 2417 2874 quae

152 2863 438 2931 obeundo
475 2865 710 2942 muneri
747 2887 851 2946 par
887 2865 1084 2931 futura
1125 2877 1296 2928 esset.

300 2951 364 3008 4.
409 2943 737 3020 Coeperunt
768 2943 946 3026 loqui.
1023 2941 1425 3004 Praesentem
1455 2939 1735 3001 effectum
1785 2940 2066 3012 exstitisse
2114 2941 2417 3020 admonet,

148 3040 211 3082 ac
258 3019 443 3082 simul
479 3020 544 3080 in
583 3037 759 3100 quem
797 3041 964 3079 usum
1001 3017 1288 3099 aptandae
1323 3017 1545 3079 suerint
1580 3018 1835 3104 linguae.
1912 3019 2226 3102 Caeterum
2278 3021 2415 3102 quia

149 3099 329 3176 paulo
369 3109 512 3178 post
547 3095 783 3158 subiicit
825 3097 1036 3172 Lucas,
1083 3097 1332 3158 advenas
1382 3116 1453 3157 ex
1502 3096 1737 3156 diversis
1783 3095 2128 3178 regionibus
2174 3098 2415 3159 miratos

149 3193 304 3247 etse,
363 3174 526 3254 quod
574 3173 786 3267 singuli
835 3173 1107 3234 audirent
1143 3194 1246 3233 sua
1283 3173 1481 3256 lingua
1516 3171 1842 3254 Apostolos
1882 3173 2227 3259 loquentes,
2266 3196 2410 3255 pro-

148 3250 351 3313 babile
415 3248 716 3311 nonnullis
774 3247 1035 3325 videtur,
1095 3271 1220 3310 non
1279 3248 1559 3331 loquutos
1619 3268 1745 3309 esse
1792 3249 1960 3310 variis
2010 3249 2256 3336 linguis,
2304 3251 2407 3311 sed

147 3329 308 3408 quod
333 3327 421 3408 lin
509 3347 678 3388 a·una
713 3327 1160 3418 pronuntiatum
1202 3339 1347 3398 erat,
1383 3327 1465 3386 sic
1504 3325 1681 3386 fuisse
1710 3345 1743 3386 a
1770 3325 2011 3408 singulis
2044 3339 2411 3408 perceptum,

145 3405 312 3484 quasi
355 3425 430 3464 na
461 3405 602 3462 lvam
640 3403 898 3486 linguam
938 3401 1223 3463 audirent.
1300 3402 1571 3463 Eundem
1620 3421 1765 3484 ergo
1804 3403 2064 3464 sonitum
2100 3405 2261 3466 vocls
2297 3427 2408 3485 pu·
2482 3423 2485 3426 ·

145 3495 268 3542 tant
321 3481 495 3540 varie
548 3480 724 3558 fuisse
769 3478 1144 3558 ,distributum
1195 3481 1356 3540 inter
1407 3480 1721 3540 auditores.
1795 3477 2058 3539 Alteram
2105 3483 2407 3542 coniectu-

147 3581 264 3619 ram
309 3556 562 3621 habent:
605 3555 764 3638 quod
802 3557 1013 3617 Petrus
1052 3579 1225 3616 unam
1268 3557 1619 3618 concionem
1659 3555 1814 3635 apud
1864 3555 2079 3617 multos
2130 3578 2199 3618 ex
2234 3559 2407 3619 variis

143 3635 428 3716 gentibus
489 3633 768 3712 collectos
820 3631 1123 3705 habuerit,
1183 3635 1284 3713 qui
1333 3629 1456 3693 eius
1506 3651 1841 3692 sermonem
1892 3631 2222 3716 intelligere
2280 3655 2407 3696 non

145 3721 457 3803 poterant,
527 3711 639 3772 nisi
709 3709 817 3772 alia
884 3731 998 3770 vox
1064 3710 1134 3770 ad
1207 3729 1413 3770 eorum
1472 3727 1641 3769 aures
1720 3711 2041 3786 erveniret,
2087 3731 2261 3792 quam
2300 3707 2409 3770 ore

143 3813 158 3848 ι
229 3791 323 3850 ius
348 3785 580 3868 prolata
605 3799 747 3860 erat.
819 3788 1046 3846 verum
1069 3787 1272 3878 primo
1313 3783 1449 3846 loco
1472 3797 1677 3845 notam
1699 3807 1797 3846 um
1824 3797 1931 3862 est,
1968 3805 2105 3847 vere
2128 3789 2406 3882 loquutos

165 3869 324 3926 uisse
365 3865 650 3926 extraneis
693 3863 906 3958 linguis
947 3863 1288 3944 discipulos:
1337 3859 1452 3923 alio
1499 3863 1555 3922 ui
1597 3885 1717 3924 non
1760 3863 1821 3922 in
1860 3858 2157 3944 ipsis‚'sed
2196 3885 2258 3922 m
2298 3881 2401 3920 au-

144 3943 438 4004 ditoribus
479 3936 682 4004 fuisset
717 3939 1078 4002 miraculum.
1139 3938 1232 3999 Ita
1271 3937 1414 4014 falsa
1479 3939 1655 4002 uisset
1690 3937 2029 4015 similitudo,
2068 3941 2227 4002 cuius
2263 3948 2401 3996 ante

145 4019 444 4094 meminit,
483 4039 598 4079 nec
637 4029 755 4078 tam
793 4015 929 4099 ipsis
969 4017 1134 4078 datus
1174 4027 1328 4077 esset
1365 4017 1865 4098 Spiritus,‚quam
1901 4017 2043 4076 aliis.
2118 4013 2403 4094 Audimus

145 4100 352 4176 etiam,
403 4109 474 4156 ut
509 4090 729 4156 Paulus
767 4093 902 4154 Deo
953 4095 1168 4178 gratias
1204 4105 1358 4177 agat,
1398 4092 1561 4174 quod
1599 4093 1837 4154 diversis
1876 4093 2089 4174 linguis
2124 4089 2403 4168 loquatur

173 4175 218 4233 1.
258 4174 406 4238 Cor.
449 4177 553 4251 14,
595 4172 742 4248 18.).
783 4171 965 4232 Certe
1005 4191 1205 4231 earum
1245 4181 1306 4230 et
1341 4168 1789 4251 intelligentiam
1827 4181 1889 4229 et
1923 4189 2093 4228 usum
2127 4163 2239 4225 sibi
2274 4168 2403 4226 vin-

147 4177 310 4314 Sicat.
383 4251 608 4333 Neque
657 4266 800 4306 vero
839 4248 988 4308 hanc
1025 4246 1360 4308 facultatem
1400 4256 1795 4336 consequutus
1834 4244 2026 4302 fuerat
2060 4262 2167 4301 suo
2206 4241 2401 4302 studio

150 4331 230 4392 vel
287 4329 613 4401 industria,
685 4323 787 4385 sed
830 4321 1088 4384 habebat
1135 4344 1202 4382 ex
1249 4324 1412 4385 dono
1455 4315 1729 4400 Spiritus.
1801 4317 2030 4378 Eodem
2068 4315 2205 4376 loco
2266 4334 2403 4393 spe-
