2788 4713
307 218 435 285 m
1098 213 1189 281 m
1214 212 1454 279 ACTA
1491 206 1786 279 AposT.

308 370 485 437 esset,
519 356 687 441 quasi
714 355 961 421 seeum
998 358 1357 443 contagione
1392 356 1672 423 inlectam
1699 378 1767 420 ar
1783 356 2070 441 pollutam
2096 376 2241 421 esse.
2303 354 2386 419 Et
2409 368 2570 421 certe

196 450 211 461 '
282 456 349 503 ὀ
392 438 635 501 tandum
672 447 762 499 est
800 434 997 517 potius
1034 446 1102 497 ut
1140 448 1538 516 pereat-totas
1578 436 1850 513 mundus,
1933 452 2062 495 uam
2087 446 2152 497 ut
2183 434 2435 518 gloriam
2457 434 2572 497 Dei

306 460 631 593 ogscureni
708 532 819 573 uae
858 530 997 591 prae
1038 512 1159 593 ipsa
1200 514 1414 575 nullius
1451 525 1589 574 sunt
1625 513 1816 595 pretii.
1953 525 2214 573 aeterum
2263 534 2442 591 quum
2491 513 2572 574 ita

306 586 663 673 imprecatur
741 588 923 650 omini
964 588 1267 671 sacrilego,
1307 611 1429 650 non
1469 601 1588 651 tam
1627 610 1939 671 personam
1980 590 2219 671 respicit
2255 611 2428 665 quam
2483 588 2569 650 sa-

306 680 484 729 ctum.
540 666 661 727 -Sic
700 665 856 725 enim
898 666 1316 726 excandescere
1353 666 1622 727 adversus
1665 665 1965 726 hominum
2006 667 2224 726 scelera
2269 666 2570 744 debemus,

306 756 376 811 ut
410 763 834 826 pnoseqiiamur
870 741 1137 802 homines
1185 743 1799 823 ipsos.misericordia.
1877 742 2052 803 Tales
2101 753 2236 811 suot
2279 742 2392 803 Dei
2432 762 2572 803 sen-

302 822 544 895 tentiae,
626 840 731 896 uae
772 818 1092 894 adulteros,
1133 818 1311 891 fures,
1351 830 1412 879 et
1451 818 1736 892 ebriosos,
1777 831 1838 879 et
1877 819 2123 879 iniurius
2170 820 2341 879 exitio
2385 820 2569 881 ‹ie-vo-

302 909 444 962 vent
484 898 553 973 (I.
580 841 740 957 ¹(hor.
778 902 836 969 6,
874 900 930 961 9.
974 900 1063 959 10.
1103 892 1252 975 Eph.
1292 902 1351 969 5,
1389 892 1534 973 5..)
1565 896 1776 977 Neque
1809 898 1962 956 enim
1991 908 2274 977 quatenus
2303 896 2568 957 homines

302 986 458 1047 sunt,
496 993 659 1054 spem
698 971 808 1033 illis
849 971 1192 1052 praecidunt
1227 972 1456 1065 salutis,
1501 973 1602 1033 sed
1641 984 1868 1032 nutum
1909 973 2243 1033 reseruntur
2281 973 2353 1033 ad
2391 993 2568 1056 prae-

302 1063 529 1117 sentem
570 1070 775 1113 eorum
813 1060 1059 1124 statum,
1108 1059 1168 1108 et
1204 1047 1255 1111 si
1296 1048 1597 1111 obstinate
1637 1060 1918 1133 pergant,
1968 1048 2150 1131 qualis
2190 1070 2294 1111 eos
2331 1062 2570 1110 maneat

304 1128 486 1203 exitus
527 1126 892 1189 denuntiant.
936 1168 947 1181 .
992 1176 1003 1187 .
1535 1179 1564 1195 .,
1787 1186 1822 1205 ,,

451 1210 546 1271 21.
612 1202 764 1263 ‘Non
800 1206 883 1260 est'
926 1198 1031 1260 aba·
1053 1223 1223 1277 pars.
1310 1200 1566 1277 Quidam
1621 1200 1792 1263 aliter
1839 1202 2169 1265 orat‘onein
2223 1214 2564 1281 contexunt,

298 1282 607 1345 Simonem
646 1300 767 1339 non
811 1297 938 1339 esse
989 1280 1331 1361 participem
1384 1282 1628 1361 gratiae,
1671 1280 1830 1361 quod
1857 1302 1983 1340 eam
2013 1282 2255 1360 pecunia
2281 1282 2562 1341 aestimet.

302 1360 421 1434 Sed
475 1358 654 1417 altera
700 1354 884 1415 lectio
926 1376 1097 1437 quam
1147 1357 1377 1435 sequuti
1419 1378 1614 1417 sumus
1664 1359 1842 1447 inagis
1885 1370 2118 1439 recepta
2170 1369 2288 1429 est,
2347 1377 2481 1417 nem
2527 1377 2562 1418 e

296 1430 687 1498 ut·ratio·illa
727 1431 1015 1512 superiori
1054 1432 1322 1494 membro
1362 1433 1656 1515 iungatur.
1735 1437 1811 1493 hi
1851 1446 2011 1495 certe
2063 1433 2275 1493 melior
2325 1444 2414 1493 est
2462 1380 2559 1495 illa

298 1510 610 1582 connexio,
648 1508 909 1587 Pecunia
946 1520 1047 1568 tua
1085 1522 1291 1589 pereat
1327 1521 1557 1584 tecum,
1595 1512 1830 1590 quando
1874 1532 1940 1569 ea
1983 1510 2348 1603 compensari
2385 1530 2560 1591 posse

297 1587 585 1650 existimas
636 1582 1053 1645 inaestimabile
1106 1586 1357 1667 Spiritus
1409 1586 1686 1646 domim.-
1731 1588 1848 1647 Ubi
1895 1600 2059 1647 vetus
2107 1600 2395 1667 interpres
2447 1610 2558 1667 po·-

298 1672 514 1738 sn’erat,
556 1662 629 1722 ln
668 1680 942 1722 sermone
982 1661 1122 1722 boc:
1174 1664 1365 1743 aptius
1405 1664 1676 1725 Erasinus
1717 1664 2000 1740 reddidit,
2043 1664 2110 1722 In
2155 1667 2384 1724 ratione
2431 1664 2556 1725 hac.

295 1740 602 1824 Significat
640 1738 797 1799 enim
838 1738 1069 1813 Petrus,
1108 1738 1251 1799 nihil
1290 1740 1365 1799 in’
1392 1752 1518 1799 tota
1561 1742 1654 1800 illa
1699 1738 2202 1801 administratione
2243 1761 2558 1801 commune

295 1829 421 1878 esse
460 1815 683 1877 bomini
721 1814 925 1876 saei-ile
970 1832 1029 1889 o,
1069 1814 1169 1895 qui
1208 1833 1337 1875 eam
1374 1816 1552 1895 impie
1591 1818 1883 1899 profanat.
1944 1818 2138 1877 Porro
2179 1818 2252 1881 de
2292 1818 2557 1879 Simoni:

294 1894 542 1955 multum
585 1904 647 1952 et
680 1902 908 1953 veteres
926 1834 1251 1975 gl'lieologi
1290 1904 1351 1954 et
1392 1893 1658 1971 Papistae
1699 1896 2084 1975 disputarunt,
2124 1895 2224 1954 sed
2252 1896 2411 1973 quod
2441 1896 2558 1954 Pa-

330 1978 479 2030 istae
530 1968 853 2030 Simoniam
908 1966 1205 2061 appdlant
1266 1990 1397 2029 cum
1449 1970 1708 2031 Simonis
1757 1972 1914 2031 sacto
1963 1972 2205 2029 minime
2259 1970 2554 2032 convenit.

291 1992 505 2108 &oluit
556 2045 761 2104 Simon
812 2041 1067 2125 Spiritus
1124 2046 1367 2127 gratiam
1420 2049 1664 2127 pecunia
1725 2066 1953 2122 emere,
2015 2046 2284 2126 Papistae
2331 2048 2552 2108 crimen

292 2122 597 2183 Simoniae
646 2121 715 2181 ad
770 2122 997 2183 otiosos
1044 2143 1179 2183 suos
1232 2135 1554 2202 proventus
1605 2124 1860 2183 trahunt.
1939 2126 2149 2204 Neque
2197 2136 2395 2183 tamen
2441 2125 2554 2185 lioc
2627 2168 2632 2179 .

292 2200 427 2261 dico
468 2210 535 2259 ut
572 2197 795 2279 flagitia
830 2210 1171 2273 extenuem,
1222 2218 1373 2279 quae
1425 2198 1683 2260 emendis
1732 2211 1794 2259 et
1843 2200 2160 2261 vendendis
2211 2202 2554 2262 sacerdotiis

288 2274 469 2337 hodie
508 2286 843 2359 grassantur
880 2275 941 2334 in
982 2274 1063 2335 Pa
1108 2288 1223 2336 atu.
1276 2276 1398 2334 Iam
1439 2296 1548 2356 per
1584 2295 1647 2336 se
1686 2276 1822 2339 satis
1864 2276 2102 2336 foedum
2145 2288 2232 2337 est
2273 2278 2388 2337 hoc
2425 2298 2556 2341 sce-

288 2350 400 2429 lus,
440 2353 599 2435 quod
636 2350 813 2413 talem
853 2350 913 2412 in
953 2351 1073 2413 Ere
1099 2355 1221 2417 esia
1252 2352 1367 2412 Dei
1409 2365 1725 2414 mercatum
1769 2366 2057 2417 exercent.
2134 2354 2368 2414 Interea
2407 2373 2554 2417 vero

287 2431 553 2492 tenenda
587 2440 674 2491 est
711 2429 956 2510 propria
996 2429 1301 2491 Simoniae
1341 2429 1630 2506 definitio,
1670 2451 1882 2512 nempe
1924 2430 2083 2512 quod
2123 2430 2198 2492 sit
2238 2431 2416 2524 impia
2442 2432 2552 2493 do-

286 2519 501 2569 norum
544 2506 799 2588 Spiritus
838 2506 1185 2567 nundinatio
1224 2506 1318 2566 vel
1358 2507 1510 2567 aliud
1552 2507 1775 2584 simile,
1825 2510 1960 2568 dum
2004 2507 2113 2568 illis
2154 2511 2280 2588 quis
2326 2529 2438 2568 iam
2481 2509 2551 2569 ad

285 2583 669 2646 ambitionem
734 2581 825 2644 vel
888 2583 1029 2642 alias
1090 2584 1454 2665 corruptelas
1513 2585 1788 2645 abutitur.
1884 2585 2234 2664 Quanquam
2284 2531 2550 2646 §imonis

284 2661 611 2722 imitatores
660 2679 785 2720 esse
821 2679 1028 2719 omnes
1068 2659 1292 2735 fateor,
1332 2661 1434 2752 qui
1475 2661 1642 2721 malis
1681 2663 1902 2721 artibus
1945 2663 2014 2720 ad
2058 2662 2353 2722 Ecclesiae
2394 2663 2553 2744 regi-

284 2759 419 2798 men
458 2738 739 2830 aspirant,
781 2734 941 2816 quod
983 2735 1189 2816 passim
1234 2736 1412 2798 hodie
1461 2738 1628 2798 nullo
1669 2739 1894 2818 pudore
1943 2738 2066 2798 fieri
2115 2739 2374 2798 videmus
2419 2751 2550 2799 tan·-

286 2823 457 2896 qu'ani
497 2813 704 2873 liceat:
745 2832 812 2872 ac
850 2813 1171 2873 secundum
1212 2813 1359 2874 banc
1409 2813 1696 2874 rationem
1739 2815 1830 2874 vix
1887 2819 1945 2874 in
1997 2827 2126 2874 toto
2155 2815 2400 2894 'Papatu
2451 2835 2550 2875 re·-

327 2892 545 2950 erietur
581 2889 885 2962 sacerdos,
926 2889 1026 2966 qui
1067 2909 1189 2948 non
1245 2891 1434 2970 palam
1485 2890 1560 2949 sit
1613 2891 2011 2962 simoniacus,
2065 2893 2302 2972 quando
2353 2893 2548 2953 nullus

281 2967 425 3028 illuc
465 2983 769 3046 emergere
808 2975 1025 3043 potest,
1066 2966 1205 3046 quin
1244 2987 1309 3025 se
1347 2965 1588 3046 oblique
1625 2967 1898 3027 insinuet.
1978 2968 2330 3050 Quanquam
2355 2967 2550 3029 faten-

282 3043 424 3104 dum
465 3053 553 3101 est
593 3039 753 3120 quod
794 3061 883 3098 ma
931 3060 1009 3099 no
1052 3053 1259 3101 nostro
1300 3042 1528 3122 pudore
1571 3043 1736 3122 pueri
1777 3045 2000 3120 vident,
2039 3065 2162 3104 non
2203 3047 2432 3105 minore
2473 3044 2546 3105 li·

284 3118 475 3182 centia
514 3115 671 3208 apud
722 3059 1005 3196 quosdgam
1057 3116 1653 3198 pseudoevangelicos
1707 3121 1967 3200 grassari.
2055 3122 2180 3182 Nos
2231 3133 2422 3181 autem
2479 3134 2548 3183 ut

279 3214 316 3259 ι
354 3195 613 3256 Simonis
652 3193 1010 3274 contagione
1047 3194 1179 3272 puri
1216 3194 1414 3267 simus,
1463 3195 1710 3274 primum
1753 3195 2004 3276 Spiritus
2055 3197 2208 3257 dona
2259 3199 2548 3259 memine-

280 3273 460 3334 rimus
500 3289 623 3330 non
662 3269 923 3350 pecunia·
954 3270 1197 3361 acquiri,
1238 3271 1340 3330 sed
1385 3270 1646 3331 conferri
1685 3283 1844 3332 mera
1885 3285 1945 3333 et
1983 3275 2230 3356 gratuita
2273 3275 2389 3334 Dei
2431 3277 2544 3336 bo-

278 3349 486 3423 nitate,
524 3345 581 3407 id
630 3365 701 3404 ue
740 3345 799 3404 in
841 3342 1138 3406 Ecclesiae
1177 3347 1664 3424 aedificationem,
1707 3347 1821 3408 hoc
1865 3361 1973 3425 est,
2015 3363 2078 3409 ut
2115 3352 2346 3412 studeat
2383 3355 2544 3432 quis-

281 3437 397 3505 que
438 3442 549 3504 pro
617 3421 881 3482 acultatis
919 3439 1059 3482 suae
1096 3424 1277 3484 modo
1319 3423 1526 3484 fratres
1565 3445 1699 3485 suos
1738 3425 1956 3498 iuvare,
1994 3438 2061 3486 nt
2097 3429 2364 3488 modeste
2385 3431 2545 3509 quis-

282 3519 397 3582 que
438 3497 707 3560 conserat
744 3499 803 3558 in
846 3499 1495 3561 commune'Ecclesiae
1535 3500 1755 3562 bonum
1797 3503 1954 3583 quod
1997 3503 2241 3583 accepit,
2285 3525 2394 3564 nec
2429 3505 2582 3566 oli--

178 3623 191 3636 .
275 3590 395 3639 stet
432 3578 593 3648 cuius
639 3585 769 3634 ua'm
810 3575 1064 3635 hominis
1086 3576 1448 3653 excellentia,
1481 3578 1628 3657 ‘quin
1669 3579 1826 3640 solus
1853 3579 2120 3640 Christus
2137 3602 2309 3662 supra
2338 3603 2544 3644 omnes

279 3652 547 3713 emineat.
693 3651 843 3711 irum
880 3663 1077 3712 tamen
1116 3654 1299 3714 videri
1338 3665 1558 3737 posset,
1599 3655 1757 3734 quod
1785 3655 2090 3714 Simonem
2133 3658 2400 3718 excludat
2425 3659 2542 3718 Pe-

274 3742 403 3792 trus
460 3749 493 3789 a
530 3727 785 3810 Spiritus
852 3729 1335 3811 participatione,
1394 3731 1556 3811 quod
1607 3729 1678 3791 ad
1731 3731 1886 3792 dona
1944 3733 2210 3813 specialia
2306 3732 2542 3810 ertinet,

322 3809 415 3868 uia
464 3827 573 3868 cor
623 3825 742 3866 non
798 3805 1011 3866 habeat
1046 3818 1273 3868 rectum
1314 3829 1512 3870 coram
1553 3807 1708 3868 Deo.
1786 3808 1876 3867 Ne
1921 3827 1995 3868 ne
2044 3809 2196 3869 enim
2276 3813 2392 3871 ecit
2439 3811 2540 3872 Iu-

277 3828 883 3976 gaspannae-quin
927 3882 1191 3976 Spiritus·
1218 3885 1387 3944 donis
1429 3883 1706 3977 polleret:
1747 3903 1859 3976 uec
1947 3883 2150 3965 pii-itus
2191 3885 2350 3948 dona
2387 3889 2540 3969 apud

280 3959 643 4097 Coi-intlluo?2
670 3977 753 4020 sic
777 3973 1065 4101 fiiri-up&
1108 3959 1371 4097 fuiss‘pni,
1409 3983 1472 4054 si·
1497 3981 1606 4020 cor
1643 3959 1979 4050 habuissent
2030 3965 2402 4056 corani·Deo
2423 3985 2543 4100 lpe-

275 4047 439 4174 3:¹1?
454 4045 757 4189 aginesi-2⁹,
850 4035 942 4174 u)ia
990 4048 2540 4208 miiliivl]iilitui'nipssildaesiigimeoffiaemsgisrsi'tffirsmdoucis

275 4187 622 4271 plerumque
660 4189 821 4252 excel
846 4200 971 4251 unt.
1048 4189 1167 4252 Sed
1192 4211 1406 4272 primo,
1446 4189 1592 4250 nihil
1627 4189 1862 4252 absurdi
1885 4202 1995 4266 est,
2033 4191 2080 4252 si
2105 4194 2358 4275 indignis
2385 4214 2538 4274 quo-

278 4283 395 4358 qpe
440 4265 587 4358 tales
640 4267 851 4348 gratias
899 4267 1173 4328 conferat
1209 4267 1391 4361 Deus.
1467 4265 1704 4327 Deinde
1751 4267 1963 4328 Petrus
2014 4286 2136 4328 non
2193 4271 2540 4362 praescribit

275 4337 371 4402 luc
406 4343 742 4426 generalem
780 4341 1063 4430 regulam,
1098 4343 1202 4408 sed
1240 4365 1375 4427 quia
1413 4338 1755 4408 communio
1791 4343 2083 4408 donorum
2123 4344 2376 4427 Spiritus
2428 4367 2538 4428 pe-
