2788 4713
782 175 802 206 l

1138 274 1420 341 CAPUT
1459 274 1598 341 vn.
1652 293 1670 315 ·
2387 279 2508 345 1ae

196 446 267 489 se
308 424 437 486 mis
475 418 937 497 manifestasset,
1011 418 1075 481 in
1114 421 1465 484 coecitatem
1483 422 1568 483 ‘et
1604 428 1700 483 stu
1745 438 1912 481 orem
1947 431 2015 485 et
2046 420 2110 483 in
2149 416 2496 503 cupiditates

194 503 547 585 probrosas
588 497 738 559 tradi
774 498 921 558 iusta
938 496 1055 560 Dei
1070 497 1355 575 ,vindicta,
1394 498 1589 562 docet.
1727 500 1822 558 inc
1857 498 2076 559 sactum
2095 510 2222 575 est,
2262 518 2332 559 ex
2369 518 2491 579 quo

198 581 416 669 vitiari
458 577 660 656 coepit
696 573 945 667 religio,
994 586 1062 635 ut
1098 576 1295 667 paucis
1332 574 1846 666 superstitionibus
1883 574 2223 635 innumerae
2261 574 2491 637 abomi-

206 650 2490 819 ¹:233:&223232125sssefsstz¹¹zczzzsm¹dsgi:22:3³massus

215 807 347 867 Dei
384 804 597 865 iudicio
648 824 889 883 prorsus
938 803 1331 885 obstupefacti
1381 802 1653 879 fuerunt,
1730 815 1796 863 ut
1835 800 2021 862 nihilo
2059 804 2272 865 rectius
2311 826 2487 884 quam

220 884 436 943 brutae
472 882 721 961 pecudes
770 880 1117 941 iudicarent.
1214 882 1323 943 Est
1361 881 1599 960 quidem
1651 879 1859 941 fertilis
1896 878 2260 955 idololatria,
2303 864 2375 941 ht
2416 900 2486 943 ex

220 980 353 1021 uno
409 958 517 1019 deo
577 956 797 1019 ficticio
872 965 1109 1018 'centum
1168 978 1303 1019 mox
1358 958 1419 1041 gi
1464 968 1712 1034 uantur,
1777 976 1848 1017 ex
1895 954 2312 1048 superstitione
2367 977 2486 1019 una

222 1035 389 1097 mille
431 1035 766 1095 scaturiant.
858 1033 981 1094 Sed
1031 1034 1168 1094 binc
1214 1045 1375 1099 tanta
1473 1034 1740 1096 ominum
1799 1034 2051 1107 insama,
2113 1032 2274 1112 quod
2317 1031 2484 1095 Deus

223 1112 471 1175 Satanae
510 1109 647 1173 illos
685 1110 925 1171 tradens
965 1110 1247 1191 seipsum
1284 1111 1602 1185 ulciscitur,
1641 1110 1776 1191 quia
1815 1130 1884 1171 ex
1921 1128 2044 1189 quo
2081 1124 2192 1169 nos
2231 1108 2487 1187 suscepit

214 1188 511 1271 regendos
581 1186 747 1251 nulla
806 1188 1007 1248 contin
1054 1188 1097 1247 it
1155 1188 1240 1248 iu'
1278 1198 1444 1267 parte
1492 1189 1616 1250 eins
1673 1186 1959 1265 mutatio,
2016 1184 2122 1248 sed
2171 1185 2484 1247 temeraria

212 1278 417 1329 nostra
454 1264 697 1324 levitate
736 1283 769 1325 a
808 1264 981 1325 nobis
1012 1207 1371 1331 {istmbitun

364 1339 681 1422 Numquid
710 1342 967 1405 tsictirnas
1003 1356 1060 1403 ot
1092 1338 1326 1401 hostias.
1404 1341 1600 1403 Locus
1633 1334 1734 1405 hic
1773 1360 1844 1402 ex
1871 1338 2053 1401 Amos
2087 1344 2148 1415 5,
2187 1342 2283 1403 252
2323 1348 2483 1398 sum·

186 1431 349 1502 -ptus
398 1430 507 1479 est.
608 1418 701 1477 Lo
745 1418 913 1478 uutio
1004 1438 1079 1480 ua
1118 1417 1448 1498 Stephanus
1504 1419 1691 1479 utitur
1747 1416 2090 1499 prophetias
2149 1424 2372 1477 omnes·
2415 1413 2486 1475 iu

202 1517 401 1557 unum
442 1514 663 1574 corpus
730 1495 879 1553 uisse
914 1515 987 1555 co
1013 1495 1192 1556 lectas
1232 1495 1510 1555 ostendit.
1587 1492 1904 1557 Caeterum
1934 1494 2119 1557 Amos
2155 1490 2278 1555 illic
2355 1502 2484 1553 ost-

204 1594 391 1653 quam
430 1572 497 1631 in
534 1570 933 1631 idololatriam
972 1583 1034 1631 et
1074 1570 1233 1633 varia
1268 1570 1479 1651 populi
1517 1571 1739 1633 scelera
1775 1572 2039 1633 invectus
2079 1580 2201 1645 est,
2246 1590 2312 1633 su
2359 1567 2483 1631 iicit

202 1670 337 1711 non
378 1667 507 1709 esse
546 1666 765 1708 novum
806 1646 920 1707 boc
954 1647 1193 1722 malum,
1226 1660 1295 1709 ut
1310 1648 1450 1709 Deo
1488 1645 1740 1708 rebelles
1775 1648 1900 1709 sint
1933 1646 2158 1722 Iudaei,
2195 1646 2328 1727 quia
2349 1646 2481 1707 ‚iam

203 1726 271 1789 in
310 1726 451 1817 ipso
490 1724 728 1816 deserto
766 1722 1003 1803 illorum
1037 1724 1244 1815 ’Patres
1295 1746 1328 1786 a
1366 1743 1505 1786 vera
1553 1724 1778 1804 pietate,
1807 1723 2186 1785 desciverant.
2259 1722 2481 1798 Porro,

202 1803 473 1863 victimas
521 1801 635 1863 sibi
684 1798 911 1861 oblatas
966 1802 1144 1863 fuisse
1202 1812 1414 1883 negat,
1473 1822 1600 1861 nou
1649 1799 1812 1893 quod
1859 1800 1985 1860 illic
2029 1797 2188 1859 nulla
2235 1818 2477 1880 prorsus

204 1877 439 1941 fuerint
502 1876 811 1951 sacrificia,
885 1878 989 1938 sed
1094 1878 1189 1939 uia
1226 1878 1391 1939 Deus
1439 1875 1830 1939 adulterinum
1871 1876 2090 1937 cultum
2135 1876 2478 1956 respuebat,

210 1954 711 2037 quemadmodum
755 1965 823 2014 et
878 1955 1039 2035 apud
1052 1900 1325 2023 illesaiam
1362 1959 1462 2030 43,
1499 1960 1594 2019 22.
1657 1952 1982 2035 expostulat
2031 1973 2166 2013 cum
2227 1949 2478 2045 populo,

212 2031 379 2114 quod
418 2030 593 2092 nullis
633 2030 707 2091 ab
732 2049 804 2094 eo
826 2030 1119 2099 sacrificiis
1140 2030 1466 2095 honoratus
1495 2030 1688 2092 suerit.
1749 2031 1868 2106 Tu}
1902 2030 2117 2109 inquit,
2155 2048 2277 2089 non
2301 2047 2474 2093 κεινο-

206 2109 357 2173 casti
381 2128 499 2183 me,
536 2105 744 2181 Iacob,
782 2124 895 2168 nec
930 2108 1223 2169 sacrificiis
1242 2109 1357 2170 tuis
1379 2128 1477 2169 me
1515 2107 1846 2169 honorasti:
1885 2127 1962 2167 ne
2005 2126 2081 2167 ue
2107 2125 2222 2189 ego
2249 2104 2475 2167 servire

208 2197 273 2247 te
314 2184 435 2245 feci
470 2186 533 2245 iu
574 2182 878 2245 oblatione
912 2184 1006 2245 vel
1043 2184 1258 2247 suffitu.
1330 2186 1473 2247 Non
1515 2183 1704 2246 emisti
1738 2184 1885 2245 mihi
1925 2204 1989 2245 ca
2013 2204 2234 2257 amum,
2272 2202 2393 2261 neq
2435 2199 2474 2241 e

206 2262 386 2342 adipe
423 2260 642 2322 satiasti
674 2282 787 2321 me.
832 2262 927 2321 Tu
965 2280 1109 2323 vero
1150 2282 1437 2323 onerosus
1475 2261 1618 2323 mihi
1657 2260 1816 2321 fuisti
1855 2262 1918 2343 in
1957 2260 2212 2341 peccatis
2232 2260 2370 2333 tuis,
2393 2204 2474 2317 {t

206 2338 437 2402 servire
452 2360 545 2398 me
569 2337 759 2399 fecisti
780 2336 841 2400 in
862 2338 980 2400 tuis
1009 2338 1430 2418 iniquitatibus.
1471 2338 1651 2400 Certe
1673 2336 1961 2399 eiusmodi
1989 2335 2184 2396 omnia
2205 2332 2475 2412 quotidie

210 2413 440 2477 fiebant
476 2437 507 2476 a
542 2414 795 2490 ludaeis,
830 2415 933 2478 sed
972 2414 1193 2476 nullum
1232 2414 1307 2476 ab
1348 2415 1536 2495 impiis
1575 2414 1922 2492 obsequium
1956 2412 2167 2490 recipit
2189 2411 2350 2470 Deus
2378 2407 2477 2469 vel

212 2503 413 2554 ratum
433 2490 625 2564 hahet,
647 2493 859 2554 deinde
880 2491 1295 2552 abominantur
1318 2491 1596 2571 quicquid
1619 2489 1953 2552 adventiciis
1975 2487 2234 2548 mixturis
2265 2485 2474 2546 foeda-

214 2579 347 2628 tum
380 2579 485 2628 est.
541 2568 612 2627 In
646 2569 803 2632 hunc
827 2569 1065 2630 modum
1088 2568 1263 2629 etiam
1296 2567 1369 2627 de
1392 2567 1664 2628 Patribus
1687 2566 1962 2645 apostatis
1981 2563 2246 2644 loquitur
2265 2563 2470 2623 Amos.

217 2643 411 2721 Quod
440 2647 627 2706 statim
657 2647 985 2719 subiicitur,
1019 2643 1111 2705 vel
1143 2644 1214 2704 ad
1236 2644 1474 2706 eosdem
1512 2643 1610 2704 vel
1629 2643 1702 2705 ad
1724 2653 1994 2722 posteros
2013 2639 2223 2700 referri
2241 2648 2470 2720 potest:

368 2725 465 2786 43.
560 2722 885 2784 sustulistis
940 2721 1375 2784 mbo-»naculum
1433 2715 1714 2788 Moloch..
1803 2717 2096 2798 copulam
2156 2714 2473 2784 adversati-

204 2818 318 2862 vae
418 2799 695 2860 articulac
755 2799 892 2861 loco
954 2800 1185 2879 quidam
1244 2797 1576 2878 accipiunt,
1647 2794 1766 2861 acsi
1819 2795 2074 2870 diceret,
2132 2791 2306 2868 Quin,
2355 2810 2474 2872 po-

202 2877 325 2938 tius
420 2895 671 2939 onorem
722 2875 1057 2938 exhibuistis
1106 2873 1293 2936 idolo.
1390 2865 1604 2934 Posset
1637 2873 1814 2934 etiam
1851 2871 1920 2932 in
1953 2869 2292 2952 particulam
2333 2889 2475 2930 cau-

202 2953 387 3014 salem
449 2953 695 3028 resolvi,
759 2952 875 3015 hoc
918 2954 1131 3015 modo:
1193 2953 1333 3013 Nou
1390 2949 1534 3011 mibi
1593 2949 1888 3018 obtulistis
1913 2996 1917 3002 .
1947 2947 2258 3022 sacrificia,
2285 2967 2292 2976 ·
2317 2965 2472 3026 quo-
2583 2988 2590 3002 .

100 3089 107 3100 ,
200 3031 365 3092 niam
424 3043 689 3092 erectum
737 3029 853 3107 luit
905 3052 942 3093 a
1001 3030 1171 3092 vobis
1228 3025 1670 3090 tabernaculum
1721 3024 1986 3086 Moloch.
2082 3025 2252 3106 Ego..
2276 3035 2476 3088 autem

246 3105 367 3168 aull
454 3107 629 3168 aliter
664 3109 1053 3189 interpretor:
1096 3105 1280 3186 Quod
1319 3104 1544 3170 scilicet
1579 3103 1820 3165 maioris
1855 3101 2261 3168 vehementiae
2301 3117 2474 3160 causa

268 3205 303 3243 e
484 3185 590 3245 itio
632 3185 835 3246 Patres
884 3197 1144 3246 accuset:
1196 3181 1412 3243 deinde
1459 3191 1731 3263 posteros
1779 3177 2052 3242 subiiciat
2101 3179 2165 3238 in
2211 3175 2470 3252 deterius

203 3261 658 3342 superstitiones
696 3262 949 3336 auxisse,
1030 3262 1261 3322 uoniam
1300 3279 1454 3320 nova
1495 3269 1557 3318 et
1590 3259 1746 3318 varia
1784 3252 1944 3316 idola
1981 3255 2094 3316 sibi
2131 3255 2470 3328 acciverint,

205 3340 325 3400 acsi
366 3339 450 3398 ita
486 3336 765 3416 loquutus
804 3351 959 3398 esset
1046 3335 1292 3418 ropheta
1330 3335 1393 3396 in
1433 3355 1686 3416 persona
1723 3332 1866 3392 Dei:
1905 3332 1972 3393 Si
2009 3331 2080 3392 ab
2123 3331 2326 3392 ultima
2361 3348 2470 3389 ve-

204 3425 427 3476 tustate
474 3425 771 3496 repetam,
848 3413 1101 3495 qualiter
1149 3433 1213 3474 se
1263 3431 1450 3496 genus
1485 3422 1742 3472 vestrum
1783 3427 1922 3502 erga
1957 3428 2052 3468 me
2092 3407 2368 3491 gesserit,
2430 3425 2472 3466 o

206 3492 423 3552 domus
460 3490 681 3566 Iacob,
738 3492 851 3552 iam
900 3492 963 3552 in
1010 3490 1141 3572 ipso
1181 3489 1415 3552 deserto
1453 3489 1658 3558 Patres
1693 3497 1872 3552 vestu
1918 3484 2268 3555 mandatum.
2303 3504 2348 3564 a,
2375 3502 2473 3544 me

204 3566 433 3628 cultum
475 3587 855 3660 corrumpere
900 3589 967 3628 ac
1017 3576 1363 3647 pervertere
1403 3574 1757 3644 coeperunt:
1806 3561 1910 3626 sed
1946 3584 2052 3624 vos
2089 3562 2324 3622 illorum
2362 3560 2473 3621 im·-

203 3645 493 3726 pietatem
533 3643 765 3719 vicistis,
804 3665 939 3706 nam
976 3642 1283 3702 innumera
1322 3639 1567 3701 deorum
1603 3638 1778 3700 turba
1819 3659 1852 3701 a
1889 3640 2058 3701 vobis
2095 3640 2326 3700 invecta
2365 3647 2470 3697 est.

204 3721 290 3783 At
378 3742 411 3781 e
452 3720 549 3781 bic
588 3723 739 3782 ordo
779 3722 851 3782 ad
887 3721 1217 3781 institutum
1238 3718 1526 3798 Stephani
1548 3716 1771 3776 ‘melius
1811 3715 2072 3798 quadrat.
2150 3715 2296 3776 Vult
2316 3715 2474 3775 enim

205 3819 323 3880 pro
368 3817 505 3874 are,
556 3809 626 3858 ut
660 3799 775 3858 iam
814 3799 1033 3858 dictum
1073 3809 1191 3871 est,
1228 3815 1299 3854 ex
1336 3815 1458 3874 quo
1495 3793 1556 3855 in
1599 3792 1820 3854 alienos
1859 3815 1928 3854 ac
1967 3794 2288 3876 degeneres
2328 3791 2476 3850 ritus

204 3873 473 3957 prolapsi
510 3885 649 3934 sunt
686 3873 1013 3950 Israelitae,
1051 3871 1279 3933 nullum
1319 3869 1523 3932 secisse
1605 3861 1856 3932 cccandi'
1883 3869 2152 3942 modum,
2191 3867 2294 3928 sed
2335 3885 2474 3926 coe-

204 3951 390 4013 citate
429 3972 461 4012 a
501 3951 639 4012 Deo
677 3972 985 4033 percussos
1024 3951 1193 4011 novis
1230 3945 1480 4008 subinde
1517 3893 1869 4030 ifololatriis
1907 3967 1970 4007 se
2009 3944 2322 4026 polluisse,
2359 3943 2474 4000 do-

208 4047 327 4088 nec
389 4027 463 4088 ad
515 4040 835 4090 extremum
882 4027 1201 4108 impietatis
1240 4036 1482 4084 ventum
1533 4035 1637 4086 est.
1735 4023 1900 4107 Ergo
1941 4021 2274 4102 Stephanus
2321 4017 2480 4102 Pro-

252 4105 431 4164 hetae
470 4104 815 4166 testimonio
854 4104 1203 4166 sententiam
1250 4100 1404 4161 hanc
1453 4100 1722 4192 apposite
1772 4100 2112 4172 confirmat,
2171 4095 2336 4174 quod
2371 4095 2476 4156 Iu-

208 4127 345 4244 gaci
386 4199 457 4240 ex
496 4179 771 4242 Patribus
810 4180 1000 4260 impiis
1041 4200 1108 4240 ac
1145 4177 1545 4261 immorigeris
1583 4178 1912 4260 progeniti,
1971 4186 2169 4234 tamen
2209 4173 2269 4232 in
2309 4171 2477 4255 peius

208 4275 387 4318 ruere
426 4277 730 4338 nunquam
771 4268 1104 4319 cessassent.
1183 4255 1502 4318 Caeterum
1525 4296 1544 4330 ,
1584 4253 1840 4330 quamvis
1879 4249 2057 4332 paulo
2099 4249 2324 4310 diversa
2361 4247 2480 4310 sint

210 4333 557 4416 Prophetae
592 4333 805 4411 verba,
860 4350 1063 4394 sensus
1098 4344 1296 4392 tamen
1334 4329 1494 4390 idem
1535 4339 1642 4388 est.
1734 4326 2058 4388 Probabile
2099 4339 2192 4388 est
2227 4325 2481 4409 Stepha-

216 4431 403 4491 num,
466 4411 562 4474 cui
602 4429 799 4474 sermo
848 4419 975 4470 erat
1026 4427 1159 4471 cum
1208 4406 1478 4480 Iudaeis,
1534 4403 1806 4465 recitasse
1853 4401 1926 4464 ad
1973 4401 2221 4464 verbum
2283 4419 2491 4466 eorum
