2788 4713
386 269 507 334 31ss
1122 325 1127 330 ,
1172 263 1261 325 IN
1296 261 1522 326 ACTA
1558 261 1848 326 APOST.

388 409 611 468 ritatem
640 405 1009 471 conscientiis
1046 407 1373 489 imponant.
1451 408 1577 470 Sub
1657 427 1830 482 cena,
1864 401 2160 486 inquiunt,
2201 404 2426 486 peccati
2465 423 2650 466 mor-

389 484 518 546 talis
564 483 907 544 servandum
955 495 1076 558 est,
1129 485 1402 567 quicquid
1453 507 1584 547 man
1627 497 1688 546 at
1727 505 1794 549 ac
1831 481 2121 564 praecipit
2155 479 2442 543 Ecclesia:
2491 483 2652 562 quia

432 559 547 618 uod
588 559 913 620 decernunt
946 560 1251 642 Apostoli,
1303 563 1626 624 necessario
1675 559 2017 622 servandum
2058 576 2183 618 esse
2221 559 2650 637 pronuntiant.

388 581 569 716 thui
620 634 885 716 expedita
946 649 1034 700 est
1095 650 1211 698 tam
1266 639 1440 700 sutilis
1489 637 1676 698 cavilli
1725 636 1975 699 solutio:
2027 654 2102 694 ne
2147 652 2220 694 ue
2269 634 2426 694 enim
2477 631 2648 693 ultra

390 713 573 790 viguit
622 713 761 772 haec
812 715 1156 788 necessitas,
1218 736 1387 806 quam
1478 713 1754 774 ericulum
1805 723 1932 773 emt
1975 712 2094 772 scin
2141 709 2325 770 cudae
2369 708 2647 770 unitatis.

390 789 479 848 Ita
524 791 761 880 proprie
798 789 1095 872 loquendo
1135 792 1429 868 accidente
1457 790 1502 850 is
1537 789 1648 850 suit
1681 789 1784 850 ista
1821 787 2126 851 necessitas
2155 785 2246 846 vel
2280 785 2644 846 extrinseca:

392 885 541 944 quae
580 864 805 927 scilicet
842 888 963 927 non
1006 867 1063 925 in
1105 886 1203 942 re,
1266 866 1363 928 sed
1414 876 1636 926 tantum
1689 867 1750 926 in
1802 863 2058 926 cavendo
2111 861 2484 924 offendiculo
2524 863 2646 923 sita

390 953 534 1000 erat.
614 943 795 1018 Quod
836 963 903 1002 ex
938 943 1177 1002 decreto
1216 942 1408 1002 statim
1446 942 1730 1024 abrogato
1768 941 1974 1020 clarius
2009 950 2198 1019 patet:
2251 959 2382 1000 nam
2423 937 2502 998 de
2539 959 2646 998 re-

391 1015 505 1086 bus
542 1038 651 1098 per
688 1039 749 1078 se
788 1019 1119 1078 necessariis
1161 1019 1315 1099 leges
1356 1029 1598 1098 oportet
1637 1037 1760 1092 esse
1799 1028 2127 1098 perpetuas.
2210 1014 2295 1081 At
2339 1015 2396 1074 ui
2435 1013 2644 1098 legem

391 1093 573 1168 lianc,
619 1093 853 1156 simulac
892 1095 1131 1154 cessavit
1167 1091 1445 1154 tumultus
1485 1107 1546 1154 et
1585 1094 1921 1166 contentio,
1967 1093 2177 1154 scimus
2225 1113 2256 1150 a
2346 1090 2485 1152 aulo
2535 1111 2642 1150 re-

392 1169 559 1231 fixam
599 1190 754 1243 esse,
800 1169 899 1230 ubi
950 1169 1125 1230 docet
1174 1169 1317 1230 nihil
1352 1168 1492 1230 'esse
1541 1171 1934 1241 immundum,
1985 1180 2044 1228 et
2082 1165 2440 1250 quibuslibet
2480 1167 2641 1228 vesci

396 1247 565 1318 cibis,
616 1247 787 1305 etiam
830 1245 927 1324 qui
982 1245 1148 1304 idolis
1198 1259 1393 1306 essent
1439 1247 1756 1320 inmolari,
1813 1245 2060 1305 liberum
2113 1265 2179 1304 ao
2228 1243 2456 1304 licitum
2497 1242 2642 1303 facit

395 1322 595 1399 (Rom.
633 1329 729 1393 14,
768 1330 859 1385 14.
911 1320 957 1378 Ι.
986 1323 1127 1382 Cor.
1168 1328 1263 1396 40,
1298 1327 1440 1398 25.).
1519 1323 1720 1398 Quare
1761 1343 1827 1382 ex
1869 1322 1972 1382 hac
2003 1340 2150 1382 voce
2188 1318 2420 1380 inanem
2465 1340 2642 1399 prae-

394 1408 612 1458 textum
652 1407 884 1476 captant
920 1397 987 1456 ad
1032 1397 1288 1489 ligandas
1328 1399 1747 1474 conscientias,
1797 1419 1974 1478 quum
2017 1398 2354 1471 necessitas,
2403 1394 2478 1454 de
2517 1417 2641 1474 qua

395 1494 551 1534 nunc
590 1473 811 1554 agitur,
864 1474 1097 1535 nonnisi
1150 1475 1221 1533 ad
1273 1475 1540 1535 homiues
1591 1487 1918 1554 respectum
1971 1473 2236 1533 habuerit
2285 1473 2344 1532 in
2385 1483 2642 1532 externo

394 1569 519 1620 usu,
560 1569 633 1608 ne
672 1549 997 1610 scandalum
1040 1551 1173 1610 inde
1214 1563 1566 1625 nasceretur,
1605 1573 1798 1611 coram
1824 1551 1960 1610 Deo
1999 1562 2190 1608 autem
2228 1549 2444 1610 intacta
2483 1569 2641 1608 con-

317 1643 333 1659 ¹
396 1636 577 1684 staret
616 1625 868 1692 libertas.
951 1629 1183 1688 Frustra
1222 1628 1400 1688 etiam
1441 1646 1508 1687 ex
1541 1639 1674 1688 toto
1715 1628 1850 1687 loco
1889 1625 2182 1687 conficere
2223 1625 2491 1684 nituntur
2529 1623 2640 1684 da-

392 1712 509 1759 tam
552 1721 673 1761 esse
717 1703 1009 1762 Ecclesiae
1050 1716 1426 1782 potestatem,
1468 1704 1776 1784 quicquain
1815 1715 2051 1795 praeter
2087 1701 2198 1760 Dei
2239 1699 2480 1767 uerbum
2518 1712 2639 1761 sta-

394 1777 615 1839 tuendi.
691 1778 881 1860 Leges
922 1801 1060 1858 quas
1100 1779 1281 1840 visum
1322 1793 1412 1840 est
1447 1793 1682 1861 praeter
1715 1780 1832 1840 Dei
1869 1778 2110 1840 verbum
2147 1775 2412 1838 condidit
2449 1777 2636 1856 Papa,

396 1853 605 1932 quibus
640 1853 951 1916 Ecclesiam
993 1869 1247 1936 regeret,
1286 1876 1396 1917 nec
1437 1875 1530 1918 eas
1572 1857 1770 1916 decem
1811 1866 1910 1915 aut
1945 1853 2175 1936 viginti,
2213 1853 2314 1913 sed
2355 1854 2637 1915 immensa

396 1931 696 2010 congerie,
736 1942 805 1989 ut
830 1953 947 1990 non
978 1932 1156 1994 modo
1198 1935 1500 2012 tyrannice
1539 1932 1756 1992 animas
1791 1941 2077 2012 premant,
2115 1930 2214 1990 sed
2241 1930 2363 1989 dira
2401 1931 2522 1990 sint
2559 1929 2636 1989 ad

393 2023 487 2064 eas
530 2007 933 2067 excruciandus
971 2020 1282 2069 tormenta.
1382 2009 1468 2066 Ut
1505 2008 1787 2068 eiusmodi
1837 2008 2126 2068 saevitiam
2177 2017 2450 2068 excusent
2487 2025 2636 2066 con-

395 2080 751 2154 ducticiiPa
796 2103 861 2142 ae
912 2083 1179 2157 rabulae,
1228 2083 1520 2145 obiiciunt
1555 2084 1876 2164 Apostolos
1915 2102 2152 2162 quoque
2195 2083 2444 2142 vetuisse
2481 2075 2638 2163 gen:

389 2156 729 2238 tibus,·quo.
790 2159 902 2218 Dei
942 2159 1121 2220 verbo
1162 2163 1398 2232 vetitum
1441 2161 1744 2234 nouerat.
1809 2161 1934 2240 Ego
1961 2179 2100 2218 vero
2127 2160 2178 2217 A
2221 2157 2446 2219 ostolos
2475 2177 2634 2236 nego

395 2233 700 2313 quicquam
741 2237 811 2295 ad
858 2235 1100 2296 verbum
1139 2237 1252 2294 Dei
1295 2237 1606 2296 addidisse:
1659 2236 1817 2316 quod
1871 2234 2106 2294 minime
2144 2256 2180 2294 o
2225 2256 2458 2294 scurum
2499 2237 2638 2308 erit,

394 2309 444 2368 si
484 2311 663 2371 modo
714 2313 799 2385 ad,
836 2333 1037 2373 eorum
1092 2313 1393 2375 consilium
1447 2312 1752 2373 attendere
1801 2312 1995 2373 libeat.
2084 2311 2284 2391 Nuper
2334 2311 2636 2386 admonui,

398 2386 541 2445 nihil
582 2391 770 2451 minus
812 2392 869 2449 in
908 2390 1101 2449 animo
1153 2390 1264 2449 illis
1322 2391 1523 2462 fuisse,
1582 2412 1750 2470 quam
1803 2401 2144 2511 perpetuam
2191 2390 2374 2469 figere
2421 2386 2636 2468 legem,

396 2484 512 2599 aua
548 2464 863 2543 obstrictos
905 2466 1187 2526 baberent
1226 2467 1442 2527 fideles.
1521 2464 1682 2540 Quid
1721 2468 1926 2549 igit-ur'.
1976 2484 2186 2543 nempe
2225 2464 2384 2544 quod
2427 2464 2632 2524 foven-

440 2560 505 2598 ae
546 2541 699 2601 intcr
736 2542 1003 2603 ecclesias
1046 2543 1335 2603 fraternae
1386 2543 1514 2624 paci
1555 2555 1616 2603 et
1653 2544 2003 2605 concordiae
2043 2554 2237 2620 aptum
2281 2552 2402 2599 erat
2443 2562 2634 2601 reme-

398 2616 555 2676 dium
594 2619 895 2690 adhibent,
936 2629 1003 2679 ut
1037 2639 1099 2679 se
1134 2620 1205 2680 ad
1244 2632 1472 2701 tempus
1513 2620 1959 2679 accommodent
1993 2628 2196 2699 gentes
2217 2616 2461 2695 Iudaeis,
2519 2618 2634 2675 At·

400 2694 501 2771 qui
542 2694 587 2753 si
628 2694 781 2755 aliud
823 2697 1154 2774 quicquam,
1196 2695 1309 2756 boc
1348 2708 1508 2757 certe
1549 2716 1615 2755 ex
1653 2696 1766 2765 Dei
1804 2696 1986 2755 verbo
2029 2714 2152 2765 esse
2193 2692 2526 2767 fatebimur,
2569 2706 2636 2753 ut

397 2770 457 2829 iu
501 2770 673 2829 rebus
714 2772 913 2831 mediis
952 2772 1287 2831 dominetur
1326 2773 1480 2831 inter
1525 2793 1630 2833 nos
1681 2772 1914 2833 caritas:
1977 2770 2092 2829 boc
2141 2782 2258 2843 est,
2319 2779 2384 2827 ut
2433 2788 2635 2830 earum

399 2866 615 2917 rerum,
651 2866 802 2926 quae
841 2868 947 2925 per
982 2868 1043 2907 sc
1083 2846 1303 2907 liberae
1328 2861 1482 2922 sunt,
1521 2860 1785 2907 externus
1811 2869 1944 2907 usus
1983 2846 2052 2905 ad
2087 2845 2334 2905 caritatis
2373 2844 2636 2927 regulam

397 2922 685 2981 flectatur.
762 2922 830 2979 In
872 2943 1123 2995 summa,
1179 2922 1227 2983 si
1266 2924 1469 2983 caritas
1520 2932 1608 2983 est
1655 2924 2036 3004 perfectionis
2077 2920 2365 2983 irinc-ulum
2407 2934 2468 2981 et
2503 2922 2634 2983 linis

397 2996 606 3084 Legis,
646 2997 845 3073 siDei
885 2996 1213 3057 mandatum
1252 3011 1342 3058 est
1378 3011 1445 3057 ut
1481 3011 1715 3059 mutuae
1754 3000 1962 3059 unitati
2003 2999 2276 3059 studeant
2311 2998 2532 3071 fideles,
2575 3011 2633 3059 et

398 3089 642 3149 quisque
687 3072 960 3150 proximis
1023 3073 1233 3133 serviat
1280 3075 1341 3133 in
1394 3074 1888 3135 aedificationem:
1939 3095 2114 3137 nemo
2162 3086 2278 3135 tam
2329 3074 2486 3134 rudis
2525 3088 2634 3150 est,

396 3146 495 3225 qui
522 3146 637 3205 Dei
674 3146 855 3207 verbo
898 3148 1187 3207 contineri
1210 3168 1329 3207 non
1370 3142 1706 3229 prospiciat,
1749 3152 1908 3229 quod
1949 3151 2038 3211 bic
2077 3151 2443 3231 praecipiunt
2465 3150 2632 3231 Apo-

394 3221 556 3284 stoli:
596 3233 822 3283 tantum
858 3244 966 3285 suo
1005 3226 1259 3303 tempori
1280 3227 1723 3288 accommodant
1753 3227 2134 3287 universalem
2155 3227 2429 3308 regulam.
2481 3228 2628 3288 Suc-

396 3310 587 3358 currat
636 3310 931 3378 praeterea
972 3302 1129 3393 quod
1180 3303 1337 3381 prius
1385 3303 1584 3383 attigi,
1645 3303 1942 3383 politicam
1983 3304 2157 3363 fuisse
2195 3302 2420 3385 legem,
2483 3324 2632 3383 quae

394 3373 618 3437 nullum
657 3378 1025 3439 conscientiis
1076 3377 1341 3456 laqueum
1394 3378 1690 3455 iniicerct,
1741 3379 1960 3441 nullum
2009 3381 2316 3440 induceret
2359 3379 2630 3440 fict’cium

392 3448 509 3512 Dei
562 3451 811 3525 cultum,
872 3474 1019 3533 quae
1071 3454 1189 3515 duo
1240 3455 1372 3515 vitia
1434 3458 1492 3515 in
1560 3455 1818 3515 humanis
1877 3456 2290 3517 traditionibus
2331 3455 2630 3535 Scriptura

288 3579 295 3592 ,
392 3525 599 3605 passim
640 3527 886 3593 damnat.
964 3531 1160 3610 Atque
1204 3542 1267 3589 ut
1293 3532 1514 3608 demus,
1555 3532 1716 3611 quod
1757 3544 1948 3597 tamen
1977 3532 2334 3592 vanissimum
2362 3544 2470 3605 est,
2507 3554 2628 3593 non

394 3622 519 3661 osse
558 3624 625 3663 ex
662 3604 779 3663 Dei
818 3606 999 3667 verbo
1050 3608 1209 3685 quod
1262 3609 1319 3667 in
1366 3608 1470 3667 illo
1515 3607 1789 3669 Concilio
1832 3608 2126 3669 decretum
2169 3608 2310 3681 fuit,
2358 3606 2508 3670 nihil
2543 3620 2625 3667 ta-

391 3698 525 3737 men
566 3680 625 3739 id
667 3680 913 3759 Papistis
962 3684 1331 3763 suffragatur.
1421 3684 1622 3744 Liceat
1661 3683 1939 3745 conciliis
1985 3685 2200 3764 aliquid
2252 3695 2488 3765 praeter
2535 3704 2626 3743 ex-

391 3774 649 3834 pressum
670 3758 787 3815 Dei
822 3760 1057 3819 verbum
1092 3778 1163 3819 ea
1184 3761 1440 3840 Spiritus
1467 3760 1820 3821 revelatione
1845 3761 2188 3823 decernere:
2243 3779 2376 3819 nem
2419 3781 2453 3819 e
2477 3782 2626 3821 non-

392 3832 501 3891 nisi
522 3831 788 3915 legitimis
816 3832 1093 3897 Conciliis
1129 3838 1439 3899 tribuenda
1462 3838 1575 3896 erit
1613 3837 1752 3898 haec
1783 3839 2114 3897 auctoritas.
2189 3836 2381 3899 Conci
2408 3837 2463 3895 ia
2485 3856 2622 3918 ergo

434 3908 485 3975 ia
524 3921 584 3969 et
620 3924 817 3970 sancta
858 3911 1029 3991 fuisse
1068 3912 1345 3993 probent,
1384 3934 1630 3991 quorum
1671 3933 1780 3977 nos
1805 3914 2054 3973 decretis
2083 3911 2292 3975 volunt
2323 3913 2624 3975 subiicere.

442 3986 511 4045 ed
560 4000 783 4066 partem
834 3987 1011 4060 banc,
1064 3990 1196 4068 quia
1245 3990 1411 4051 initio
1465 3990 1668 4067 capitis
1717 4002 1956 4053 tractata
2005 3990 2144 4062 suit,
2191 4010 2347 4049 nunc
2397 3988 2624 4071 longius

392 4084 513 4123 non
554 4084 887 4143 prosequar.
968 4066 1149 4139 Quod
1188 4066 1263 4125 ad
1300 4075 1664 4149 praesentem
1711 4064 1912 4133 locum
1959 4065 2191 4126 abunde
2241 4065 2484 4137 sufficit,
2537 4078 2624 4125 te-

393 4151 571 4201 neant
620 4140 901 4213 lectores,
964 4140 1287 4221 Apostolos
1350 4160 1418 4199 ex
1464 4140 1628 4209 verbi
1681 4140 1795 4203 Dei
1845 4142 2079 4201 finibus..
2115 4142 2354 4201 minime
2408 4161 2441 4203 e
2487 4141 2626 4217 redi,

392 4212 527 4273 dum
568 4227 861 4278 externam
900 4238 1009 4297 pro
1054 4218 1331 4299 temporis
1372 4218 1600 4277 ratione
1641 4216 1836 4299 legem
1870 4230 2150 4295 statuunt,
2189 4238 2305 4297 qua
2339 4216 2462 4279 Ecc
2487 4219 2626 4281 esias

388 4286 543 4349 inter
575 4310 641 4353 ae
681 4292 1018 4356 concilient.
