2788 4713
297 351 317 383 e
1015 266 1290 334 CAPUT
1330 268 1552 336 xvm.
2306 283 2429 346 m

322 419 421 478 25.
496 409 625 473 Hie
672 425 799 472 om
835 417 1137 477 humum.
1228 413 1380 482 Cum
1430 415 1547 478 boc
1589 414 1788 500 elogio
1839 441 2038 498 parum
2069 437 2418 506 rongi-nere

171 489 407 549 videtur
444 488 603 569 quod
642 489 816 570 paulo
855 502 989 570 post
1026 493 1257 554 subiicit
1294 493 1512 568 Lucas,
1560 510 1693 553 eum
1745 504 1971 556 tantum
2024 499 2252 560 novisse
2298 499 2410 561 Bass

214 566 383 626 tisma
414 565 692 636 Ioannis:
741 565 841 626 sed
878 569 1171 646 posterius
1210 569 1325 631 boc
1362 567 1688 630 membrum
1725 569 1851 630 vice
1891 576 2270 636 correctionis
2309 575 2416 649 ad·

215 641 361 700 ‘tum‘
398 653 502 701 est.
578 641 813 701 Interea
850 641 1021 703 facile
1059 644 1201 707 baec
1240 645 1356 708 duo
1397 646 1552 705 inter
1587 664 1649 704 se
1689 647 2082 720 conveniunt,
2122 652 2279 730 quod
2317 663 2408 714 te»-

170 715 374 778 nnerit
408 717 714 799 Evangelii
742 717 1107 796 ‘doctr-inam,
1156 723 1289 800 quia
1339 733 1400 780 et
1437 721 1891 802 Redemptorem
1935 722 2156 785 sciebat
2187 728 2406 792 mundo

172 811 301 853 esse
340 791 677 865 exhibitum,
716 805 777 853 et
815 794 888 855 de
926 797 1108 878 gratia
1144 797 1633 871 reconciliationis
1665 796 1854 876 probe
1891 798 2234 882 sincereque
2262 803 2406 864 edo-

172 879 303 930 ctus
349 881 504 943 erat,
554 880 613 928 et
656 873 1137 932 tamen-nonnisi
1174 871 1477 956 Evangelii
1525 871 1865 936 rudimentis
1909 873 2162 935 imbutus
2207 876 2407 952 suerit,

173 955 461 1024 quatenus
499 943 726 1006 ferebat
762 945 997 1006 Ioannis
1037 949 1343 1008 institutio.
1405 947 1700 1086 loannem
1742 949 1895 1008 enim
1935 951 2090 1008 inter
2110 949 2404 1013 Christum

175 1033 239 1080 et
276 1021 395 1082 Pro
442 1021 601 1081 betas
638 1022 798 1102 qnasi
849 1024 1101 1084 medium
1154 1023 1327 1084 fuisse
1378 1047 1402 1085 s
1441 1027 1616 1098 imus,
1666 1037 1728 1084 et
1765 1024 1837 1083 de
1878 1025 2000 1085 eius
2041 1021 2242 1086 officio
2280 1038 2403 1088 tum

170 1106 341 1176 pater
378 1099 401 1119 '
428 1097 677 1159 acharias
715 1099 775 1158 in
812 1120 917 1160 suo
961 1099 1242 1175 Cantico,
1289 1113 1414 1160 tum
1461 1121 1532 1160 an
1579 1099 1700 1160 elus
1741 1120 1806 1168 ex
1845 1099 2158 1161 Malachiae
2185 1098 2284 1180 (3,
2319 1105 2404 1179 1.)

170 1173 447 1233 vaticinio
500 1173 743 1234 disserit.
818 1175 1001 1236 Certe
1048 1197 1224 1254 quum
1274 1177 1460 1238 facem
1501 1180 1550 1237 (Α
1597 1177 1736 1236 risto
1783 1177 2124 1258 praetulerit
2172 1191 2231 1238 et
2280 1179 2435 1250 eiua=

169 1248 445 1309 virtutem
486 1249 791 1332 magnifice
832 1252 1192 1330 exposuerit,
1238 1255 1450 1314 merito
1499 1254 1772 1316 dicuntur
1819 1253 1940 1316 eius
1990 1254 2258 1334 discipuli
2298 1254 2401 1314 ba·

172 1323 367 1386 buisse
420 1325 641 1386 Christi
692 1326 973 1386 notitiam.
1061 1327 1151 1386 Ad
1202 1327 1345 1388 baec
1392 1329 1703 1390 observatu
1752 1329 1924 1410 digna
1974 1341 2061 1388 est
2109 1329 2400 1410 loquutio,

172 1399 420 1461 Scivisse
459 1402 749 1482 Baptisma
785 1401 1049 1462 Ioannis:
1090 1423 1221 1462 nam
1261 1405 1399 1464 inde
1439 1405 1782 1487 colligimus,
1822 1406 2082 1485 quisnam
2119 1427 2289 1466 verus
2328 1407 2404 1467 sit

168 1473 683 1538 sacramentorum
722 1497 886 1551 usus,
937 1491 1001 1537 ut
1048 1479 1271 1540 scilicet
1308 1500 1416 1542 nos
1467 1483 1527 1540 in
1569 1493 1789 1540 certum
1828 1481 1902 1540 ali
1949 1482 2062 1542 uod
2107 1483 2402 1545 doctrinae

216 1569 359 1612 enus
420 1553 688 1628 initient,
752 1554 842 1612 vel
924 1575 1051 1614 uam
1112 1555 1292 1616 semel
1346 1557 1588 1637 amplexi
1647 1577 1840 1617 sumus
1941 1557 2069 1616 dem
2127 1553 2406 1618 sanciant.

234 1639 357 1686 erte
397 1649 429 1688 a
468 1629 728 1688 doctrina
774 1630 971 1701 aveli,
1020 1629 1177 1690 nefas
1232 1644 1320 1691 est
1358 1644 1420 1692 et
1467 1633 1638 1712 impia
1693 1631 2076 1712 profanatiot·
2103 1639 2296 1712 quare’
2337 1637 2404 1711 ut

171 1704 287 1762 rito
323 1703 795 1765 administrentur
833 1707 1223 1778 Sacramenta,
1264 1726 1466 1768 vocem
1507 1708 1774 1768 coelestis
1813 1708 2112 1768 doctrinae
2151 1707 2272 1769 illic
2310 1729 2404 1769 re·

168 1798 381 1838 sonare
439 1797 674 1840 necesse
730 1791 835 1840 est.
926 1782 1086 1856 Quid
1134 1783 1289 1842 enim
1339 1785 1430 1844 'est
1465 1783 1785 1865 Baptismus
1835 1785 2110 1845 Ioannis?
2180 1782 2405 1846 Totum

172 1855 297 1914 eins
346 1855 725 1915 ministerium
783 1859 1195 1938 complectitur
1238 1859 1424 1919 Lucas
1457 1859 1600 1921 ‘'boc
1663 1860 1930 1920 nomine:
1995 1882 2115 1919 non
2174 1872 2436 1922 tantum·

172 1930 307 2010 qnia
346 1931 641 2011 Baptismo
679 1953 897 1994 annexa
938 1945 1023 1994 est
1064 1935 1348 2010 doctrina,
1386 1935 1488 1996 sed
1528 1939 1699 1998 etiam
1724 1935 1858 2017 quia
1897 1937 2018 2012 eius
2057 1937 2416 2008 fundamen-·

168 2017 295 2068 tum
336 2018 395 2064 et
435 2019 606 2086 caput
645 2020 749 2080 est,
788 2011 911 2070 sine
950 2031 1061 2089 qua
1100 2011 1285 2071 inanis
1327 2023 1388 2071 et
1424 2025 1652 2072 mortua
1693 2013 2022 2074 ceremonia
2066 2012 2236 2086 foret.
2273 2035 2278 2042 ·
2365 2031 2376 2046 ·

322 2082 575 2142 Feruens
610 2084 721 2160 Spe·
760 2087 775 2102 ⁰
868 2086 1215 2166 loquebatur.
1304 2089 1418 2150 Hic
1471 2089 1578 2150 alia
1628 2088 1796 2150 laude
1844 2101 2089 2150 ornatur
2135 2087 2404 2170 Aponon,

172 2158 334 2237 qnod
391 2172 591 2220 sancto
652 2155 717 2220 ze
836 2163 1181 2246 flagraverit·
1213 2165 1284 2222 ad
1334 2165 1680 2225 docendum.
1759 2163 2047 2228 Doctrina
2095 2165 2221 2224 sine
2270 2166 2402 2228 zelo

170 2234 263 2295 vel
302 2235 520 2316 gladius
560 2248 647 2296 est
685 2239 743 2298 in
785 2261 955 2299 manu
997 2239 1233 2312 furiosi,
1294 2242 1383 2300 vel
1426 2241 1633 2322 frigida
1675 2251 1734 2300 et
1771 2242 1899 2300 sine
1937 2263 2045 2300 usu
2083 2241 2264 2316 iacet,
2311 2243 2403 2301 vel

167 2331 376 2391 pravae
430 2315 804 2374 ostentationi
850 2316 1043 2376 servit.
1142 2316 1419 2375 Videmus
1480 2317 1634 2380 enim
1695 2335 1764 2375 ex
1827 2315 2157 2379 bominibus
2218 2317 2404 2383 doctis

170 2384 321 2453 alios
374 2389 612 2471 ignavos
668 2402 909 2471 torpere
962 2392 1139 2463 alios,
1196 2392 1355 2469 qnod
1396 2392 1648 2451 deterius
1691 2403 1808 2462 est,
1847 2391 2166 2451 ambitione
2203 2392 2404 2453 iactari

170 2460 349 2537 alios,
428 2466 585 2545 qnod
664 2468 919 2525 omnium
1002 2478 1091 2525 est
1164 2467 1504 2546 pessimum,
1587 2466 2064 2526 contentionibus
2141 2478 2202 2525 et
2273 2468 2407 2527 rixis

172 2539 441 2601 tnrbaro’.
467 2540 803 2603 Ecclesiam.
912 2541 1166 2621 Insipida
1224 2561 1369 2623 ergo
1433 2542 1546 2601 erit
1604 2541 1906 2615 doctrina,
1973 2542 2035 2599 in
2103 2562 2215 2633 qua
2283 2564 2406 2604 non

166 2615 389 2700 vigebit
418 2615 611 2682 aelus.
686 2616 998 2679 Caeterum
1038 2618 1499 2691 meminerimus,
1547 2616 1884 2697 scripturae
1939 2617 2236 2677 scientiam
2282 2619 2406 2699 pri-

172 2710 281 2751 ore
351 2693 497 2755 loco*
558 2696 805 2775 positam
876 2714 999 2753 esse
1067 2716 1097 2753 a
1176 2694 1362 2765 Luca,
1448 2713 1595 2772 quae
1663 2705 1815 2752 esset
1884 2692 1994 2751 zeli
2063 2694 2407 2755 moderatio.

170 2768 398 2829 Scimus
438 2773 591 2843 'enim
632 2771 845 2830 multos
884 2770 1315 2829 inconsiderate
1352 2769 1613 2842 fervere,
1663 2768 2150 2847 quemadmodum
2201 2770 2400 2829 Iudaei

170 2865 461 2934 pet-,verso
502 2848 675 2931 Legis
724 2848 918 2907 studio
982 2858 1187 2907 contra
1237 2844 1613 2927 Evangelium
1655 2846 2057 2904 insaniebant:
2119 2858 2182 2905 et
2231 2847 2404 2905 lrotlie

76 2984 86 2997 ,
171 2912 449 2995 videnius,
488 2946 657 3004 quam
700 2922 921 2983 furioso
962 2922 1181 3001 impetu
1220 2932 1486 2981 aestuent
1517 2922 1803 3002 Papistae‚
1842 2942 1988 3001 quos
2012 2932 2232 2982 temere
2259 2942 2404 2983 con-

173 3010 341 3079 cepta
381 3020 418 3069 o
463 3002 581 3061 inio
620 3000 752 3059 insti
835 3012 872 3059 t.
956 2999 1111 3059 Assit
1150 3017 1293 3078 ergo
1332 2997 1572 3058 scientia
1610 2998 1992 3071 moderatrix,
2031 3018 2177 3077 quae
2217 2996 2406 3057 zelum

171 3088 355 3159 regat.
464 3097 553 3137 am
590 3096 733 3136 vero
756 3018 971 3136 ἦξε-τοι·
1016 3075 1228 3135 dicitnr
1278 3074 1454 3135 fuisse
1502 3096 1668 3135 causa
1707 3073 2080 3155 diligentiae,
2117 3080 2204 3133 'eo
2245 3074 2431 3155 quod·

167 3152 421 3233 Aponus
468 3152 670 3213 sedulo
718 3153 790 3212 ad
840 3152 1167 3213 docendum
1216 3150 1514 3211 incubuit:
1580 3150 1790 3229 quodsi
1834 3150 1926 3210 vir
1983 3147 2080 3209 ille
2144 3151 2406 3209 nondum

133 3282 145 3288 -
173 3242 369 3289 exacte
408 3230 788 3309 perfecteque
810 3230 865 3289 in
894 3228 1213 3309 Evangelio
1244 3229 1486 3287 edoctus
1519 3231 1644 3285 'tam'
1677 3226 1882 3286 sedulo
1923 3236 1982 3287 et
2021 3224 2206 3286 libere
2234 3224 2408 3286 Chri-

173 3317 325 3365 stum
362 3306 733 3384 praedicavit..
772 3306 909 3383 quid
947 3304 1057 3365 sibi
1084 3303 1460 3373 excusationis
1501 3300 1630 3361 iore
1668 3314 1926 3382 sperant,
1967 3301 2406 3382 quibus'clarius

176 3392 239 3441 et
274 3380 500 3459 plenius
540 3378 795 3439 innotuit
832 3380 991 3460 qnod
1026 3380 1229 3439 ‘adbuc
1277 3372 1443 3438 illum
1495 3375 1736 3450 latebat,
1797 3378 1908 3439 nisi
1955 3390 2247 3438 conentur
2295 3399 2404 3458 pro

176 3476 277 3518 sua
334 3454 489 3515 virili
549 3456 766 3517 Christi
826 3476 1071 3537 regnum
1132 3450 1518 3535 promovere?
1592 3452 1907 3513 Fervorem
1964 3455 2213 3536 Spiritui
2272 3453 2416 3513 ideo
2499 3481 2521 3500 s

176 3530 449 3593 attribnit
468 3532 683 3604 Lucas,
768 3532 883 3591 uod
924 3549 1112 3591 rarum
1152 3541 1241 3591 est
1276 3550 1344 3589 nc
1393 3526 1684 3608 peculiare
1725 3528 1970 3591 donum:
2010 3550 2202 3611 neque
2251 3530 2428 3590 enim‘

175 3610 563 3686 interpretor,
611 3552 829 3686 Apdllo
882 3608 1091 3689 mentis
1139 3625 1275 3666 suae
1330 3604 1608 3665 instinctu
1656 3604 1830 3668 fnisse
1868 3608 2256 3685 concitatum,
2305 3604 2410 3667 sed

173 3684 445 3765 Spiritu‘v
464 3681 646 3745 sancti
682 3682 946 3763 impulsu.

326 3766 441 3823 26:
486 3758 685 3841 Quem
721 3780 891 3839 quum
928 3755 1192 3819 aud-*me
1272 3756 1465 3831 Quam
1505 3756 1616 3817 sibi
1652 3756 1862 3819 addicti
1904 3780 2022 3819 non
2064 3759 2177 3819 sint
2197 3755 2406 3837 Aquila

177 3849 242 3898 et
270 3833 557 3909 Priscilla,
594 3856 706 3897 nec
744 3835 964 3895 alienae
987 3833 1185 3895 virtuti
1221 3832 1534 3907 invideant,
1573 3832 1706 3894 binc
1743 3846 2004 3915 apparet,
2043 3833 2203 3914 qnod
2242 3833 2407 3892 fami·

176 3911 403 3973 liariter
439 3922 499 3969 et
538 3912 801 3992 privatim
837 3910 1075 3971 tradunt
1114 3908 1337 3968 bomini
1375 3906 1624 3969 facundo
1665 3930 1810 3991 quae
1849 3910 2062 3970 deinde
2109 3910 2168 3969 in
2209 3907 2406 3988 publi-

178 3986 661 4128 ggle-tuprgiiesgbgt
687 3984 1688 4142 1:302tppjtll’sspantpgsspgmqtlgggpiavi
1724 3986 2008 4123 {amintam
2035 3984 2418 4139 ‘agagiten-iia?

180 4140 894 4298 ..?:32⁸};2313²2¹3?5.¹¹5?.
926 4136 1555 4275 z‘littff’ffi‘ssffi’
1573 4138 2420 4303 ..2382333532533303232

188 4292 441 4385 Apolio,
490 4292 589 4373 qni
627 4311 690 4353 se
730 4310 853 4353 non
890 4302 1115 4353 tantum
1154 4289 1233 4351 ab
1268 4288 1482 4371 opifice
1517 4291 1847 4361 manuario,
1895 4289 2002 4352 aed
2045 4288 2412 4370 etnam-aie»

184 4388 346 4431 mma
382 4368 583 4433 doceri
634 4381 697 4430 et
730 4367 991 4451 expoliri
1036 4388 1233 4451 passus
1279 4377 1384 4429 est.
1472 4366 1694 4429 Potens
1736 4376 1866 4427 erat
1911 4364 1974 4429 in
2015 4366 2314 4447 Scriptura
2355 4378 2426 4427 ee
