2788 4713
973 205 1270 272 carm·
1307 204 1483 268 vm.
2259 215 2379 280 u?

757 539 822 630 C
887 539 958 630 A
1013 539 1226 634 PU
1281 544 1356 635 T
1473 539 1745 632 VIII..

273 755 338 822 1.
394 755 589 822 Pacta
634 765 729 822 est
766 763 975 820 autem
1017 751 1134 822 illo
1177 753 1284 824 die
1323 755 1747 846 persequutio
1780 751 2008 842 inagna
2057 749 2362 826 adversus

95 857 492 936 Ecclesiam,
558 879 724 944 quae
781 867 920 922 erat
971 854 1469 944 Hierosolymis.
1582 859 1805 944 Itaque
1872 857 2149 944 dispersi
2214 873 2363 926 sunt

99 981 336 1026 omnes
373 979 490 1046 per
527 961 832 1044 regiones
873 956 1155 1023 Iudaeae
1201 967 1267 1023 et
1305 959 1652 1036 Samariae,
1692 969 1953 1046 praeter
1993 958 2365 1046 Apostolos.

97 1063 162 1126 2.
207 1061 534 1128 Cur-arunt
572 1067 782 1124 autem
827 1077 956 1122 nna
1002 1057 1394 1145 Stephanum
1441 1063 1565 1125 viri
1606 1057 1915 1146 religiosi,
1959 1071 2023 1124 et
2065 1059 2365 1125 fecerunt

95 1159 420 1248 planctum
468 1181 768 1246 magnum
803 1159 1022 1244 'super
1061 1160 1246 1224 eum.
1363 1159 1435 1226 ⁴3.
1505 1159 1741 1228 Saulus
1806 1173 2019 1228 autem
2070 1160 2366 1234 vastabat

91 1259 480 1338 Ecclesiam,
527 1259 904 1347 ingrediens
949 1259 1180 1352 domos
1239 1269 1306 1326 et
1355 1259 1513 1327 inde
1566 1261 1836 1328 trahens
1874 1265 2052 1328 viros
2108 1285 2187 1328 ac
2226 1286 2363 1328 mu-

93 1359 320 1440 lieres,
364 1361 668 1430 tradebat
710 1364 776 1427 in
823 1362 1200 1428 custodiam.
1303 1361 1384 1428 4..
1431 1359 1537 1427 Illi
1601 1371 1815 1460 autem
1860 1363 2134 1452 dispersi
2172 1383 2364 1450 pera·
2484 1435 2487 1437 Α

91 1461 390 1549 grabam,
430 1465 888 1530 annuntiantes
930 1451 1488 1530 sermonem-Dei.

245 1599 305 1660 1.
383 1593 456 1652 In
497 1591 604 1654 bac
641 1592 882 1654 historia
919 1593 1173 1677 primum
1214 1593 1547 1655 ostenditur
1580 1589 1814 1674 piorum
1840 1592 2105 1656 conditio
2144 1591 2206 1654 iu
2247 1591 2375 1657 boe

91 1671 317 1731 mundo
333 1701 363 1746 ‚-
409 1690 623 1750 nempe
663 1671 822 1751 quod
861 1672 980 1732 sint
1018 1671 1178 1732 velut
1218 1692 1356 1732 oves
1396 1669 1734 1730 mactationi
1775 1669 2131 1746 destinatae,
2188 1672 2363 1733 sicuti

91 1747 158 1807 in
196 1747 436 1808 Psalmo
477 1754 575 1824 44,
612 1751 706 1812 23.
747 1746 1032 1825 babetur,
1094 1767 1162 1809 ac
1222 1747 1567 1830 praesertim
1619 1744 1723 1807 ubi
1762 1745 2053 1806 Dominus
2092 1747 2361 1809 hostibus

89 1825 331 1884 frenum
395 1823 568 1897 laxat,
635 1835 704 1884 ut
776 1837 1123 1906 conceptam
1189 1824 1366 1884 animi
1439 1821 1737 1886 saevitiam
1809 1823 2045 1902 exsequi
2116 1826 2360 1905 possint.

91 1901 298 1962 Exitus
339 1899 553 1960 deinde
589 1902 1116 1992 persequutionum
1157 1899 1518 1975 ostenditur,
1586 1899 1746 1980 quod
1787 1898 2015 1960 scilicet
2048 1901 2197 1961 adeo
2240 1922 2361 1960 non

93 1975 304 2038 abtum
351 1988 458 2035 unt
497 1975 803 2058 Evangelii
844 1999 1105 2052 cursum,
1143 1989 1211 2038 ut
1247 1978 1445 2058 potius
1478 1976 1559 2040 ad
1599 1996 1731 2036 eum
1774 1976 2218 2056 provehendum
2260 1977 2363 2037 ad-

91 2053 352 2114 mirabii
390 2053 506 2114 Dei
545 2052 794 2113 consilio
834 2055 1165 2114 adiumenta
1204 2054 1363 2114 fiant.
1430 2051 1945 2134 Quemadmodum
1984 2053 2209 2114 illustre
2248 2054 2359 2114 mi-

95 2131 360 2190 raculum
402 2129 546 2204 fuit,
609 2129 770 2209 quod
820 2130 1139 2212 dispersiO,
1201 2131 1362 2192 citius
1412 2129 1685 2191 meminit
1720 2129 1938 2206 Lucas,
1996 2130 2214 2192 multos
2263 2128 2365 2220 qui

95 2211 262 2287 prius
317 2206 559 2268 alienati
607 2227 640 2266 a
677 2205 812 2266 Deo
863 2207 1101 2268 fuerant
1153 2207 1216 2268 in
1265 2207 1403 2268 fidei
1448 2207 1735 2268 unitatem
1786 2205 2149 2289 collegerit.-
2187 2209 2367 2272 Nunc

95 2282 326 2368 singula
369 2284 580 2344 ordine
622 2283 1029 2363 expendamus.
1554 2287 1563 2296 '

254 2360 376 2419 1110
411 2360 522 2421 die.
596 2359 844 2421 Initium
882 2383 917 2422 a
961 2360 1067 2421 Ste
1107 2358 1266 2421 bano
1306 2356 1447 2419 fuit:
1506 2358 1647 2419 inde
1696 2374 1940 2419 accensa
1986 2356 2177 2419 rabies
2216 2377 2364 2440 pro-

93 2438 325 2499 miscue
373 2437 436 2497 in
485 2456 688 2497 omnes
735 2437 962 2498 exarsit.
1085 2458 1140 2495 m
1187 2438 1226 2496 ii
1266 2437 1426 2497 enim
1466 2454 1589 2495 non
1630 2454 1796 2496 secus
1834 2455 1901 2495 ac
1941 2435 2101 2495 ferae
2142 2434 2369 2497 bestiae

95 2524 398 2598 gustatum
435 2514 772 2595 sanguinem
819 2514 1006 2575 multo
1049 2514 1136 2573 avi
1180 2514 1264 2573 ius
1303 2522 1588 2593 expetunt
1634 2522 1695 2571 et
1743 2505 1880 2592 ipsis
1929 2508 2201 2573 caedibus
2240 2534 2366 2573 ma·

93 2592 194 2686 gis
234 2610 306 2649 ac
343 2590 520 2673 magis
560 2590 900 2651 efferantur.
997 2589 1180 2651 Satan
1243 2588 1399 2650 enim
1452 2584 1641 2649 omnis
1687 2584 1961 2649 saevitiae
2009 2596 2177 2668 pater
2227 2587 2362 2650 illos

87 2666 344 2731 innoxio
383 2666 664 2749 sanguine
702 2667 960 2727 imbutos
1001 2667 1252 2748 primum
1293 2664 1669 2725 humanitatis
1706 2684 1881 2725 sensu
1920 2664 2108 2737 exuit,
2150 2664 2365 2726 deinde

91 2745 252 2807 sitim
293 2743 708 2824 inexplebilem
747 2743 808 2803 in
851 2743 986 2825 ipsis
1028 2742 1268 2803 excitati
1322 2742 1467 2809 hinc,
1506 2738 1759 2802 violenti
1811 2740 1907 2801 isti
1948 2740 2019 2800 ad
2059 2742 2367 2803 trucidan-

95 2823 236 2882 dum
290 2821 575 2900 impetus,
639 2832 706 2879 ut
751 2818 933 2881 semel
987 2820 1177 2879 exorsi
1225 2838 1525 2899 nunquam
1572 2822 1787 2898 sponte
1828 2816 2115 2877 desinant.
2190 2818 2365 2879 Adde

2 2952 5 2975 ;
97 2896 286 2979 quod,
371 2918 508 2955 uum
547 2895 790 2977 impune
827 2895 1086 2958 nocendi
1127 2896 1276 2956 facta
1312 2907 1402 2956 est
1437 2905 1722 2977 potestas,
1758 2915 2025 2955 successu
2064 2898 2193 2977 ipso
2234 2916 2379 2973 cre(

96 2974 211 3035 scit
247 2917 519 3046 audacia,
557 2984 622 3032 ut
660 2974 841 3056 magis
879 2973 1346 3065 intemperanter
1381 2984 1578 3047 ruant,
1618 2971 1780 3052 quod
1818 2971 1993 3031 etiam
2031 2984 2204 3033 notat
2238 2972 2361 3033 Lu-

99 3072 226 3125 cas,
267 3070 446 3131 quum
502 3049 644 3110 dicit
685 3070 958 3126 maguam
995 3047 1170 3109 fuisse
1210 3048 1750 3130 persequutionem.
1826 3047 1996 3109 Prius
2036 3062 2199 3110 certe
2238 3070 2363 3111 nou

99 3126 348 3188 omnino
389 3124 592 3207 quieta
641 3138 766 3187 erat
802 3125 1064 3187 Ecclesia
1103 3144 1296 3207 neque
1335 3124 1410 3185 ab
1451 3122 1529 3184 im
1575 3123 1859 3186 roborum
1908 3127 2213 3186 vexatione
2254 3128 2365 3186 im-

95 3204 312 3276 munis,
350 3203 454 3262 sed
481 3202 771 3264 Dominus
809 3202 926 3264 suis
966 3202 1039 3262 ad
1078 3213 1308 3283 tempus
1331 3222 1525 3294 ‚parce
1571 3209 1755 3276 at,.ut
1794 3200 2012 3281 aliquid
2053 3200 2365 3264 laxamenti
2468 3238 2481 3243 -

97 3278 418 3339 baberent:
480 3299 638 3339 nunc
686 3299 826 3340 vero
889 3277 1088 3339 durius
1146 3300 1348 3362 urgeri
1408 3288 1753 3415 coegerunt.
1837 3276 2002 3338 Haec
2065 3280 2239 3357 etiam
2289 3279 2369 3339 ad

96 3368 368 3415 nostrum
426 3366 657 3436 tempus
716 3355 1210 3417 accommodanda
1272 3366 1426 3418 sunt.

97 3433 333 3493 videtur
369 3431 624 3491 bostium
665 3429 854 3507 furor,
893 3444 960 3492 ut
995 3432 1252 3493 flammas
1291 3429 1501 3512 procul
1528 3452 1649 3491 nou
1692 3442 1916 3513 egerat,
1952 3431 2198 3493 sciamus
2227 3432 2361 3494 Do-

95 3508 324 3567 minum
373 3507 766 3569 imbecillitati
827 3518 1066 3569 nostrae
1130 3507 1468 3569 consulere:
1533 3507 1637 3569 sed
1684 3508 1912 3568 interea
1960 3528 2038 3568 ne
2074 3508 2361 3593 fingamus

95 3585 274 3645 nobis
311 3596 626 3665 perpetuas
665 3584 958 3656 inducias,
1004 3603 1209 3644 verum
1248 3581 1437 3666 parati
1483 3584 1658 3645 simin
1708 3584 1779 3644 ad
1826 3585 2077 3647 maiores
2114 3584 2361 3647 insultus

95 3662 504 3734 sustinendos,
605 3661 798 3723 uoties
859 3662 1059 3728 subito
1125 3660 1448 3743 eruperint.
1542 3660 1983 3722 Meminerimus
2049 3664 2252 3737 etiam,
2312 3660 2363 3723 si

97 3736 339 3831 guanilo
377 3738 552 3797 unius
632 3738 844 3832 ominis
881 3737 1227 3831 ’constantia
1275 3758 1340 3797 re
1386 3730 1587 3797 rohos·
1618 3736 1689 3829 ²3¹
1730 3737 2133 3798 crudelitatem
2184 3738 2362 3831 acuit,

95 3814 725 3951 33;.;⁰¹335..²3552¹;;
741 3814 1514 3972 ‚mffikssuffiismzoeaissi'i
1544 3813 2361 3973 {223.1{‡5⁹.¹1‚³13¹22¹¹¹g;53133

97 3964 276 4027 fuisse
316 3977 571 4028 vexatam
613 3969 850 4041 recitat,
909 3968 1012 4027 sed
1059 3966 1180 4028 boc
1231 3967 1416 4049 magis
1456 3966 1515 4027 in
1568 3966 1739 4028 laude
1780 3968 1903 4028 eius
1942 3967 2137 4048 ponit,
2202 3962 2363 4045 quod

95 4050 381 4123 tanquam
421 4045 835 4127 antesignanus
873 4042 1132 4124 reliquos
1155 4044 1225 4103 ad
1265 4044 1503 4103 fortiter
1584 4066 1615 4102 u
1705 4044 1918 4104 andum
1958 4039 2363 4103 animadvertit

97 4136 203 4207 suo
247 4118 538 4200 exemplo.
636 4117 840 4192 Quum
878 4119 1475 4217 Hiemsolynii'umam
1621 4064 1833 4181 {nam
1881 4122 2177 4207 uomina-t,
2238 4134 2365 4177 nou

97 4193 384 4278 nntettigit
432 4196 574 4257 alibi
624 4214 868 4277 quoque
917 4194 1094 4257 fuisse
1129 4197 1453 4259 heclesias:
1516 4198 1619 4258 sed
1664 4197 1971 4258 transitum
2019 4192 2129 4253 sibi
2179 4192 2251 4253 ad
2294 4208 2363 4253 ea

97 4268 240 4331 facit
280 4292 434 4353 quae
473 4272 612 4334 inde
650 4284 894 4352 sequuta
933 4280 1088 4334 aunt.
1185 4273 1388 4348 Quum
1437 4272 1599 4333 enim
1646 4274 1885 4334 unicum
1934 4280 2088 4329 esset
2134 4268 2250 4329 boc
2296 4268 2361 4329 in

97 4346 326 4411 mundo
365 4366 585 4429 eorpus
624 4348 882 4432 piorum,
915 4348 1056 4434 fuga
1091 4345 1411 4413 laceratum
1438 4348 1571 4425 suit,
1608 4348 1712 4487 ⁸1⁶8
1736 4367 1821 4452 'ex
1848 4342 2069 4405 mutilis
2086 4344 2365 4405 membris

1574 3356 1595 3415 i
1652 3354 1894 3435 quando
1932 3353 2094 3416 velut
2133 3356 2361 3436 sopitus
