2788 4713
318 228 334 238 ‘
403 226 482 287 14
1181 216 1269 278 IN
1309 212 1535 278 ACTA
1576 214 1860 279 APOST.

401 363 468 423 in
505 358 758 440 Spiritus
801 358 1310 439 exspectationem.
1371 360 1540 423 Haec
1584 360 1739 421 enim
1774 358 1885 421 illis
1924 370 2013 421 est
2048 360 2329 442 precandi
2362 382 2565 439 causa,
2604 375 2679 425 ut

406 436 674 501 Christus
703 429 982 517 Spiritum
1019 436 1230 514 mittat,
1265 438 1433 499 sicuti
1462 437 1743 517 promisit.
1808 436 1985 498 Unde
2022 436 2347 523 colligimus
2384 459 2517 499 eam
2562 440 2677 501 de·

403 534 562 575 mum
603 532 728 573 esse
764 532 959 573 veram
999 512 1206 589 fidem,
1255 534 1405 594 quae
1452 534 1561 574 nos
1597 514 1669 573 ad
1705 513 1903 574 Deum
1940 516 2329 576 invocandum
2364 516 2678 579 sollicitat.
2746 538 2748 547 ⁴

403 588 656 658 Multum
703 589 861 650 eni'm
909 588 1111 650 differt
1155 611 1190 650 a
1235 589 1505 651 socordia
1560 588 1698 649 fidei
1743 592 2037 663 securitas.
2134 592 2261 652 Nec
2321 612 2461 653 sane
2522 594 2677 655 ideo

394 662 696 729 Minus
733 686 844 727 nos
878 668 1098 760 gratiae
1133 685 1270 729 suae
1308 666 1590 727 certiores
1626 665 1837 742 reddit,
1876 680 1941 728 ut
1976 688 2041 729 se
2072 668 2133 727 in
2158 680 2463 749 torporem
2490 690 2677 731 men-

404 756 495 804 tes
542 754 780 803 nostrae
824 742 1126 805 abiicnantz
1179 741 1280 801 sed
1329 742 1527 823 potius
1570 754 1637 801 nt
1674 744 1948 823 precandi
1982 746 2237 807 studium
2278 758 2461 807 acuat.
2544 748 2679 807 Ne·
2747 772 2748 775 ¹

405 840 524 901 que
560 840 702 881 vero
744 818 1118 881 dubitationis
1155 817 1383 899 signum
1425 832 1515 879 est
1550 821 1845 899 precatio,
1890 821 1993 883 sed
2032 824 2225 901 potius
2274 822 2525 883 fiduciae
2572 835 2677 883 te-

403 897 774 959 stimonium
815 898 948 977 quia
997 894 1264 973 petimus·
1297 916 1330 956 a
1365 895 1633 955 Domino
1683 917 1830 977 quae
1880 898 2207 979 pollicitum
2258 918 2381 961 esse
2428 901 2678 975 scimus,

401 985 478 1035 ut
509 973 782 1053 precibus
819 972 1032 1033 nostris
1067 970 1371 1032 concedat.
1446 972 1545 1033 Itaa
1573 994 1685 1034 nos
1802 994 1961 1067 oque
1988 994 2193 1035 eornm
2224 976 2493 1069 exemplo
2526 998 2675 1057 pre-

406 1048 573 1112 cibus
617 1052 836 1111 instare
880 1046 1183 1122 convenit,
1241 1059 1308 1107 ut
1355 1050 1695 1129 quotidiana
1780 1062 1987 1131 pintus
2030 1064 2343 1135 augmenta
2378 1074 2465 1113 im·
2508 1065 2675 1113 etre-
2746 1082 2748 1089 ·

403 1143 552 1189 mus.
625 1128 958 1207 Augmenta
995 1122 1159 1183 dico:
1207 1125 1341 1204 qnia
1381 1126 1723 1205 priusquam·
1754 1128 2078 1189 orationem
2110 1128 2433 1209 {concipere
2494 1131 2681 1205 icen,

401 1202 672 1301 primitiis
718 1220 826 1261 nos
875 1199 1126 1260 donatos
1177 1220 1302 1263 esse
1349 1222 1589 1264 necesse
1634 1216 1740 1264 est.
1831 1204 2090 1279 Quando
2134 1202 2329 1267 uidem
2374 1227 2531 1267 unus
2584 1220 2681 1267 est

405 1282 654 1345 idonens
700 1278 812 1338 rite
861 1276 1067 1337 orandi
1115 1279 1419 1373 magister,
1468 1281 1569 1359 qui
1616 1300 1741 1341 non
1790 1282 1973 1342 modo
2022 1301 2125 1341 ver
2164 1304 2198 1343 a
2240 1282 2415 1343 nobis
2459 1284 2682 1359 dictat,
2746 1330 2748 1341 .

405 1361 510 1423 sed
521 1354 828 1418 interiores
839 1354 1090 1415 affectus
1103 1368 1258 1437 regit
1271 1356 1475 1435 (Rom.
1488 1362 1548 1430 8,
1558 1358 1684 1435 26.)
1716 1358 1853 1417 Duo
1862 1370 2169 1437 praeterea
2180 1359 2447 1440 exprimit
2454 1360 2679 1435 Lucas,

401 1443 722 1573 2:323:ss
731 1431 1469 1570 “foifffss'u‘tffl'fifflntfflt‘
1487 1434 2683 1590 sssssossissq233ffiffim³issd⁰i1{¹¹33

405 1588 507 1651 diu
567 1605 672 1647 eos
722 1584 992 1647 Christus
1033 1532 1343 1666 susgensos
1387 1586 1608 1661 tenuit,
1670 1609 1846 1667 quum
1896 1588 2083 1650 statim
2121 1532 2331 1669 ’pdsset
2368 1532 2677 1669 ‘spii-itum

403 1665 656 1725 mittere.
717 1660 810 1722 Ita
847 1662 1010 1723 Deus
1047 1662 1485 1755 saepe-differt,
1524 1684 1591 1722 ae
1628 1662 2067 1755 quodammodo
2091 1678 2215 1727 nos?
2235 1666 2522 1748 languere
2560 1686 2676 1746 pa·-

401 1743 577 1816 fitur,
625 1750 692 1798 ut
734 1738 828 1799 ad*
855 1750 1358 1818 perseverantiam·
1398 1738 1751 1801 assuefaciat.
1856 1742 2103 1804 ‘Vitiosa
2150 1754 2279 1817 est‚·
2322 1744 2442 1803 imo
2492 1742 2675 1803 noxia

403 1816 614 1901 pestis,
660 1827 938 1877 votorum
975 1814 1300 1875 festinatio:
1341 1835 1523 1897 quare
1560 1836 1685 1877 non
1725 1817 1935 1879 mirum
1974 1832 2081 1893 est,
2118 1820 2167 1879 si
2206 1838 2332 1879 eam
2369 1818 2675 1879 Dominus

407 1894 670 1978 castiget.
743 1892 1010 1964 Interea,
1057 1903 1124 1951 ut
1171 1891 1312 1967 dixi,
1373 1893 1451 1953 ad
1496 1893 1775 1974 precandi
1824 1896 2205 1955 constantiam
2257 1915 2365 1956 nos
2414 1906 2675 1956 exercet.

405 1973 574 2054 Fet-go
619 1971 669 2031 si
715 1967 980 2031 volumus
1029 1988 1150 2030 non
1190 1967 1403 2028 frustra
1442 1988 1641 2043 orare,
1665 1989 1771 2029 -ne
1808 1989 1974 2031 mora
2009 1972 2293 2051 temporis
2330 1972 2673 2055 fatigemur.

410 2047 716 2123 Quantum
777 2044 849 2106 ad
903 2045 1230 2105 animorum
1289 2044 1665 2105 concordiam
1722 2057 1978 2139 spectat,
2046 2047 2437 2127 dissipationi,
2488 2068 2675 2128 quam

405 2124 699 2195 attulerat,
723 2142 908 2203 pavor
931 2122 1269 2213 opponitur.
1320 2120 1509 2181 Simul
1530 2132 1725 2181 tamen
1750 2140 1815 2188 ιιι
1834 2140 2072 2203 genere,
2132 2144 2261 2183 uam
2274 2125 2419 2185 sitin
2433 2125 2675 2185 orando

405 2201 762 2273 necessaria,
798 2197 892 2259 vel
933 2198 1066 2258 lunc
1107 2197 1392 2279 colligere
1426 2208 1760 2277 promptum
1802 2210 1918 2272 est,
1958 2214 2077 2279 quo
2156 2200 2421 2262 Christus
2458 2201 2677 2283 singn-

399 2276 498 2338 -los
533 2296 650 2358 pro
685 2287 821 2337 toto
857 2288 1142 2355 corpore,
1184 2284 1244 2333 et
1279 2273 1342 2333 iu
1381 2293 1723 2350 commune,
1763 2274 1925 2355 quasi
1962 2275 2081 2336 snb.
2112 2276 2371 2335 omnium
2410 2294 2677 2354 persona
2747 2280 2748 2283 ’

405 2374 581 2418 (ποτε
617 2352 814 2414 iubet:
859 2350 1040 2412 Pater
1075 2363 1306 2426 noster,
1353 2349 1688 2425 Da‘nobis‚
1726 2364 1840 2413 etc.
1912 2352 2091 2414 Unde
2144 2353 2286 2413 hdec
2331 2351 2677 2434 linguarum

407 2432 621 2506 unitas,
657 2429 768 2490 nisi
806 2428 880 2490 ab
919 2451 1040 2489 uno
1081 2429 1122 2488 S
1167 2425 1338 2488 iritul'
1377 2427 1582 2504 Quare
1618 2429 1963 2495 Paulus*15.
2001 2431 2073 2490 ad
2112 2431 2281 2490 Roma
2322 2449 2499 2510 quum
2538 2428 2677 2491 vult
2747 2425 2748 2432 '

409 2508 640 2570 Iudaeis
690 2518 752 2568 et
789 2504 1083 2567 Gentibus
1165 2523 1277 2565 ene
1314 2505 1521 2566 orandi
1558 2503 1818 2588 regulam
1852 2507 2117 2582 tradere,
2168 2523 2403 2567 omnen
2496 2506 2677 2567 rocul

409 2585 762 2648 simultatem
785 2595 1046 2644 amovet:
1085 2593 1152 2642 ut
1171 2581 1495 2658 unanimes,
1526 2581 1740 2663 inquit,
1766 2603 1889 2644 uno
1912 2601 2019 2644 ore
2040 2583 2433 2666 glorificemus
2512 2603 2671 2642 eum.
2746 2561 2748 2588 ⁸

407 2663 490 2724 Et
527 2674 688 2724 certe
726 2669 794 2721 ut
829 2659 992 2721 Deus
1029 2660 1335 2720 invocetur
1371 2679 1407 2719 a
1442 2657 1615 2720 nobis
1646 2657 1843 2737 Pater,
1878 2659 2085 2722 fratres
2123 2681 2233 2722 nos
2270 2677 2418 2736 esse,
2454 2669 2519 2720 et
2546 2659 2673 2722 fra-
2747 2739 2748 2746 ἵ

410 2751 584 2802 teme
619 2737 958 2800 consentire
993 2746 1250 2816 oportet.
1345 2775 1352 2782 ·

583 2915 685 2982 15.
764 2914 841 2980 In
897 2910 1128 2980 diebus
1181 2911 1312 2980 illis
1368 2937 1709 3004 exsurgens
1749 2916 1977 2984 Petrus
2018 2919 2085 2982 in
2122 2913 2341 2984 medi‘o
2386 2915 2668 3005 discipu-

413 3015 655 3093 lorum,
697 3013 880 3080 dixit:
931 3019 1102 3094 (erat
1143 3025 1354 3082 autem
1398 3015 1584 3084 turha
1624 3021 1954 3086 nominum
1994 3018 2182 3085 simul
2224 3019 2363 3086 sere
2406 3029 2668 3086 centum
2747 3051 2748 3064 κ

413 3117 684 3203 viginti.)
770 3113 869 3178 16.
911 3116 1055 3180 Viri
1095 3114 1354 3197 fratres,
1406 3124 1693 3206 oportuit
1744 3119 1997 3206 impleri
2042 3121 2427 3206 scripturam
2476 3117 2666 3200 hanc,

417 3239 610 3308 quam
661 3215 980 3305 praedixit
1021 3215 1294 3302 Spiritus
1349 3231 1607 3286 sanctus
1680 3243 1801 3308 per
1853 3243 1929 3287 os
1982 3219 2253 3314 Davidis
2334 3217 2416 3285 de
2482 3217 2663 3296 Iuda,

418 3322 534 3407 qui
576 3317 698 3387 suit
739 3315 866 3382 dux
888 3307 982 3384 'iis
1025 3321 1138 3404 qui
1181 3320 1809 3405 comprehenderunt
1843 3323 2069 3388 Iesum.
2172 3323 2274 3391 17.
2327 3321 2479 3406 Qui.
2506 3339 2665 3385 coo-

416 3427 635 3506 ptatus
675 3417 883 3484 suerat
923 3421 990 3485 in
1031 3439 1365 3486 nnmerum
1402 3431 1704 3501 nostrum,
1748 3434 1811 3488 et
1830 3428 2525 3510 sortitnseratpnrtem
2546 3425 2665 3486 mi-

417 3519 668 3586 nisterii
721 3517 923 3587 huius.
1023 3519 1123 3586 18.
1162 3513 1269 3586 'Et
1321 3519 1427 3587 hic
1480 3519 1738 3610 quidem
1788 3525 2081 3613 possedit
2134 3524 2273 3607 (vel
2308 3521 2659 3612 ‚‚Paravit'')

419 3642 638 3709 agrum
681 3642 758 3686 ex
798 3621 1096 3688 mercede
1137 3624 1517 3709 iniquitatis,
1570 3647 2043 3714 suspensusque
2096 3627 2347 3712 crepuit
2396 3623 2668 3698 medius,

422 3734 490 3791 et
531 3721 738 3788 effiisa
779 3733 926 3788 sunt
967 3725 1181 3788 omnia
1225 3726 1362 3790 eius
1403 3729 1667 3803 viscera,
1749 3725 1846 3790 19.
1900 3726 1985 3792 Et
2030 3729 2311 3806 innotuit
2362 3723 2661 3792 omnihus

421 3819 857 3891 habitantibus
899 3821 1415 3912 Hierosolymae.
1494 3827 1589 3892 Ita
1632 3839 1703 3892 ut
1744 3837 2007 3892 vocatus
2050 3830 2132 3894 sit
2188 3847 2339 3916 ager
2387 3825 2503 3892 ille
2538 3824 2661 3890 lin-

425 3947 550 4013 gua
603 3943 826 3992 eorum
867 3915 1277 4008 Haceldama,
1319 3928 1447 3994 hoc
1490 3937 1587 3996 est
1610 3949 1762 4014 ager
1784 3929 2129 4012 sanguinis.
2191 3931 2301 4004 20³
2340 3927 2659 4014 Scriptum

425 4039 526 4092 est
569 4029 738 4093 enim
777 4028 845 4090 in
886 4023 1060 4092 libro
1091 4027 1515 4098 Psalmomma
1555 4029 1703 4094 Fiat
1738 4027 2051 4096 habitatio
2096 4031 2237 4117 ejus
2278 4027 2553 4105 deserta,
2594 4031 2669 4090 et-

423 4143 560 4192 non
625 4131 710 4194 sit
775 4129 887 4216 qui
939 4126 1288 4212 inhabitet,
1353 4141 1420 4196 et
1474 4133 1906 4220 episcopatum
1960 4130 2099 4198 eius
2154 4131 2426 4220 accipiat
2480 4127 2657 4193 alius.

417 4225 560 4291 21..
591 4227 875 4315 Oportet
923 4230 1116 4316 igitur
1168 4251 1244 4296 ex
1297 4233 1375 4298 iis
1430 4235 1542 4318 qui
1592 4229 1929 4316 nobiscum
1978 4231 2241 4302 fuerunt
2290 4224 2659 4319 congregati

425 4334 566 4392 toto
605 4337 900 4416 tempore
939 4352 1072 4418 quo
1111 4332 1370 4399 intravit
1410 4345 1478 4400 et
1518 4335 1707 4402 exivit
1745 4337 1915 4402 inter
1950 4355 2075 4402 nos
2113 4331 2435 4400 Dominus
2462 4329 2653 4402 Iesus,

2746 3075 2748 3138 4
