<?xml version="1.0" encoding="UTF-8"?>
<!DOCTYPE html PUBLIC "-//W3C//DTD XHTML 1.0 Transitional//EN"
    "http://www.w3.org/TR/xhtml1/DTD/xhtml1-transitional.dtd">
<html xmlns="http://www.w3.org/1999/xhtml" xml:lang="en" lang="en">
 <head>
  <title>
</title>
<meta http-equiv="Content-Type" content="text/html;charset=utf-8" />
  <meta name='ocr-system' content='tesseract 3.04.00' />
  <meta name='ocr-capabilities' content='ocr_page ocr_carea ocr_par ocr_line ocrx_word'/>
</head>
<body>
  <div class='ocr_page' id='page_1' title='image "./ioanniscalvinii05tholgoog/ioanniscalvinii05tholgoog_0145.png"; bbox 0 0 2788 4713; ppageno 0'>
   <div class='ocr_carea' id='block_1_1' title="bbox 1069 201 2435 304">
    <p class='ocr_par' dir='ltr' id='par_1_1' title="bbox 1069 201 2435 304">
     <span class='ocr_line' id='line_1_1' title="bbox 1069 201 2435 304; baseline -0.004 -7"><span class='ocrx_word' id='word_1_1' title='bbox 1069 231 1348 297; x_wconf 78' lang='lat' dir='ltr'>CAPUT</span> <span class='ocrx_word' id='word_1_2' title='bbox 1386 231 1526 293; x_wconf 83' lang='lat' dir='ltr'><strong>vu.</strong></span> <span class='ocrx_word' id='word_1_3' title='bbox 2286 201 2435 304; x_wconf 59' lang='lat'><strong>‘125</strong></span> 
     </span>
    </p>
   </div>
   <div class='ocr_carea' id='block_1_2' title="bbox 155 375 2433 776">
    <p class='ocr_par' dir='ltr' id='par_1_2' title="bbox 155 375 2433 776">
     <span class='ocr_line' id='line_1_2' title="bbox 156 375 2432 458; baseline -0 -15"><span class='ocrx_word' id='word_1_4' title='bbox 156 379 386 444; x_wconf 80' lang='lat' dir='ltr'><strong>tefecit.</strong></span> <span class='ocrx_word' id='word_1_5' title='bbox 463 377 598 440; x_wconf 77' lang='lat' dir='ltr'><strong>Hae</strong></span> <span class='ocrx_word' id='word_1_6' title='bbox 634 376 862 438; x_wconf 88' lang='lat' dir='ltr'><strong>ratione</strong></span> <span class='ocrx_word' id='word_1_7' title='bbox 899 375 1124 438; x_wconf 86' lang='lat' dir='ltr'><strong>animus</strong></span> <span class='ocrx_word' id='word_1_8' title='bbox 1162 377 1346 440; x_wconf 78' lang='lat' dir='ltr'><strong>Musis</strong></span> <span class='ocrx_word' id='word_1_9' title='bbox 1384 377 1767 439; x_wconf 87' lang='lat' dir='ltr'><strong>admiratione</strong></span> <span class='ocrx_word' id='word_1_10' title='bbox 1804 378 2165 458; x_wconf 85' lang='lat' dir='ltr'><strong>percutitur,</strong></span> <span class='ocrx_word' id='word_1_11' title='bbox 2215 377 2432 444; x_wconf 87' lang='lat' dir='ltr'><strong>deinde</strong></span> 
     </span>
     <span class='ocr_line' id='line_1_3' title="bbox 159 453 2433 536; baseline -0.001 -16"><span class='ocrx_word' id='word_1_12' title='bbox 159 459 231 520; x_wconf 89' lang='lat' dir='ltr'><strong>ad</strong></span> <span class='ocrx_word' id='word_1_13' title='bbox 275 453 772 519; x_wconf 84' lang='lat' dir='ltr'><strong>considerandum</strong></span> <span class='ocrx_word' id='word_1_14' title='bbox 810 453 1062 514; x_wconf 89' lang='lat' dir='ltr'><strong>accedit:</strong></span> <span class='ocrx_word' id='word_1_15' title='bbox 1101 467 1238 535; x_wconf 86' lang='lat' dir='ltr'><strong>post</strong></span> <span class='ocrx_word' id='word_1_16' title='bbox 1274 475 1565 518; x_wconf 83' lang='lat' dir='ltr'><strong>accessum</strong></span> <span class='ocrx_word' id='word_1_17' title='bbox 1604 456 1947 536; x_wconf 81' lang='lat' dir='ltr'>propiorem</span> <span class='ocrx_word' id='word_1_18' title='bbox 1965 455 2257 517; x_wconf 83' lang='lat' dir='ltr'>Dominus</span> <span class='ocrx_word' id='word_1_19' title='bbox 2299 477 2433 518; x_wconf 88' lang='lat' dir='ltr'><strong>eum</strong></span> 
     </span>
     <span class='ocr_line' id='line_1_4' title="bbox 156 531 2431 616; baseline -0.002 -18"><span class='ocrx_word' id='word_1_20' title='bbox 156 535 350 616; x_wconf 86' lang='lat' dir='ltr'><strong>magis</strong></span> <span class='ocrx_word' id='word_1_21' title='bbox 400 533 538 594; x_wconf 77' lang='lat' dir='ltr'><strong>vivo</strong></span> <span class='ocrx_word' id='word_1_22' title='bbox 634 531 950 590; x_wconf 81' lang='lat' dir='ltr'><strong>raesentiae</strong></span> <span class='ocrx_word' id='word_1_23' title='bbox 1000 551 1140 592; x_wconf 85' lang='lat' dir='ltr'><strong>suae</strong></span> <span class='ocrx_word' id='word_1_24' title='bbox 1185 551 1362 592; x_wconf 85' lang='lat' dir='ltr'><strong>sensu</strong></span> <span class='ocrx_word' id='word_1_25' title='bbox 1407 531 1603 616; x_wconf 86' lang='lat' dir='ltr'><strong>tangit</strong></span> <span class='ocrx_word' id='word_1_26' title='bbox 1651 543 1719 592; x_wconf 88' lang='lat' dir='ltr'><strong>ut</strong></span> <span class='ocrx_word' id='word_1_27' title='bbox 1768 545 2121 610; x_wconf 79' lang='lat' dir='ltr'>expavescat.</span> <span class='ocrx_word' id='word_1_28' title='bbox 2208 533 2431 595; x_wconf 79' lang='lat' dir='ltr'><strong>Fateor</strong></span> 
     </span>
     <span class='ocr_line' id='line_1_5' title="bbox 157 551 2433 702; baseline -0.001 -30"><span class='ocrx_word' id='word_1_29' title='bbox 157 614 410 693; x_wconf 88' lang='lat' dir='ltr'><strong>quidem</strong></span> <span class='ocrx_word' id='word_1_30' title='bbox 461 551 628 668; x_wconf 54' lang='lat' dir='ltr'><strong>nihii,</strong></span> <span class='ocrx_word' id='word_1_31' title='bbox 651 607 861 668; x_wconf 80' lang='lat' dir='ltr'><strong>borum</strong></span> <span class='ocrx_word' id='word_1_32' title='bbox 911 627 1036 668; x_wconf 87' lang='lat' dir='ltr'><strong>esse</strong></span> <span class='ocrx_word' id='word_1_33' title='bbox 1088 609 1248 689; x_wconf 85' lang='lat' dir='ltr'><strong>quod</strong></span> <span class='ocrx_word' id='word_1_34' title='bbox 1288 629 1413 668; x_wconf 87' lang='lat' dir='ltr'><strong>nou</strong></span> <span class='ocrx_word' id='word_1_35' title='bbox 1452 607 1779 670; x_wconf 81' lang='lat' dir='ltr'><strong>aemuletur</strong></span> <span class='ocrx_word' id='word_1_36' title='bbox 1815 613 2025 680; x_wconf 83' lang='lat' dir='ltr'><strong>Satan,</strong></span> <span class='ocrx_word' id='word_1_37' title='bbox 2073 609 2175 670; x_wconf 88' lang='lat' dir='ltr'><strong>sed</strong></span> <span class='ocrx_word' id='word_1_38' title='bbox 2216 630 2433 702; x_wconf 84' lang='lat' dir='ltr'><strong>perpe-</strong></span> 
     </span>
     <span class='ocr_line' id='line_1_6' title="bbox 155 684 2433 776; baseline -0.001 -26"><span class='ocrx_word' id='word_1_39' title='bbox 155 711 288 750; x_wconf 83' lang='lat' dir='ltr'><strong>ram</strong></span> <span class='ocrx_word' id='word_1_40' title='bbox 319 697 404 746; x_wconf 89' lang='lat' dir='ltr'><strong>.ut</strong></span> <span class='ocrx_word' id='word_1_41' title='bbox 441 684 620 746; x_wconf 86' lang='lat' dir='ltr'><strong>simia.</strong></span> <span class='ocrx_word' id='word_1_42' title='bbox 679 685 760 744; x_wconf 85' lang='lat' dir='ltr'><strong>Et</strong></span> <span class='ocrx_word' id='word_1_43' title='bbox 796 684 1086 744; x_wconf 83' lang='lat' dir='ltr'>Dominus</span> <span class='ocrx_word' id='word_1_44' title='bbox 1125 705 1252 744; x_wconf 87' lang='lat' dir='ltr'><strong>non</strong></span> <span class='ocrx_word' id='word_1_45' title='bbox 1290 684 1471 745; x_wconf 90' lang='lat' dir='ltr'><strong>modo</strong></span> <span class='ocrx_word' id='word_1_46' title='bbox 1512 684 1727 744; x_wconf 89' lang='lat' dir='ltr'><strong>talibus</strong></span> <span class='ocrx_word' id='word_1_47' title='bbox 1767 686 1947 776; x_wconf 77' lang='lat' dir='ltr'><strong>signis</strong></span> <span class='ocrx_word' id='word_1_48' title='bbox 1982 705 2047 748; x_wconf 83' lang='lat' dir='ltr'><strong>se</strong></span> <span class='ocrx_word' id='word_1_49' title='bbox 2082 685 2433 762; x_wconf 71' lang='lat' dir='ltr'><strong>manifestat,</strong></span> 
     </span>
    </p>
   </div>
   <div class='ocr_carea' id='block_1_3' title="bbox 159 760 2555 841">
    <p class='ocr_par' dir='ltr' id='par_1_3' title="bbox 159 760 2555 841">
     <span class='ocr_line' id='line_1_7' title="bbox 159 760 2555 841; baseline -0.002 -13"><span class='ocrx_word' id='word_1_50' title='bbox 159 765 274 829; x_wconf 80' lang='lat' dir='ltr'><strong>sed</strong></span> <span class='ocrx_word' id='word_1_51' title='bbox 311 760 654 822; x_wconf 79' lang='lat' dir='ltr'><strong>hebetudini</strong></span> <span class='ocrx_word' id='word_1_52' title='bbox 690 773 930 822; x_wconf 87' lang='lat' dir='ltr'><strong>nostrae</strong></span> <span class='ocrx_word' id='word_1_53' title='bbox 951 760 1262 841; x_wconf 65' lang='lat' dir='ltr'><strong>,suppetias</strong></span> <span class='ocrx_word' id='word_1_54' title='bbox 1305 761 1501 823; x_wconf 83' lang='lat' dir='ltr'><strong>ferens</strong></span> <span class='ocrx_word' id='word_1_55' title='bbox 1540 760 1745 820; x_wconf 86' lang='lat' dir='ltr'><strong>oculos</strong></span> <span class='ocrx_word' id='word_1_56' title='bbox 1768 760 1935 822; x_wconf 71' lang='lat' dir='ltr'><strong>simul</strong></span> <span class='ocrx_word' id='word_1_57' title='bbox 1960 763 2167 840; x_wconf 85' lang='lat' dir='ltr'><strong>aperit,</strong></span> <span class='ocrx_word' id='word_1_58' title='bbox 2208 783 2282 822; x_wconf 87' lang='lat' dir='ltr'><strong>ne</strong></span> <span class='ocrx_word' id='word_1_59' title='bbox 2308 763 2434 824; x_wconf 85' lang='lat' dir='ltr'><strong>hal·</strong></span> <span class='ocrx_word' id='word_1_60' title='bbox 2540 768 2555 777; x_wconf 82' lang='lat'>&#39;</span> 
     </span>
    </p>
   </div>
   <div class='ocr_carea' id='block_1_4' title="bbox 164 836 2538 3681">
    <p class='ocr_par' dir='ltr' id='par_1_4' title="bbox 164 836 2431 994">
     <span class='ocr_line' id='line_1_8' title="bbox 164 836 2431 920; baseline 0 -20"><span class='ocrx_word' id='word_1_61' title='bbox 164 841 518 900; x_wconf 84' lang='lat' dir='ltr'><strong>lueinemur.</strong></span> <span class='ocrx_word' id='word_1_62' title='bbox 591 837 826 898; x_wconf 81' lang='lat' dir='ltr'><strong>Deinde</strong></span> <span class='ocrx_word' id='word_1_63' title='bbox 865 837 908 896; x_wconf 92' lang='lat' dir='ltr'>S</span> <span class='ocrx_word' id='word_1_64' title='bbox 955 837 1120 898; x_wconf 88' lang='lat' dir='ltr'><strong>iritus</strong></span> <span class='ocrx_word' id='word_1_65' title='bbox 1157 848 1388 898; x_wconf 89' lang='lat' dir='ltr'><strong>sanctus</strong></span> <span class='ocrx_word' id='word_1_66' title='bbox 1432 849 1598 897; x_wconf 88' lang='lat' dir='ltr'><strong>notas</strong></span> <span class='ocrx_word' id='word_1_67' title='bbox 1638 849 1699 896; x_wconf 89' lang='lat' dir='ltr'><strong>et</strong></span> <span class='ocrx_word' id='word_1_68' title='bbox 1720 836 1987 920; x_wconf 87' lang='lat' dir='ltr'><strong>symbola</strong></span> <span class='ocrx_word' id='word_1_69' title='bbox 2012 837 2237 898; x_wconf 83' lang='lat' dir='ltr'><strong>divinae</strong></span> <span class='ocrx_word' id='word_1_70' title='bbox 2260 861 2431 918; x_wconf 85' lang='lat' dir='ltr'><strong>prae-</strong></span> 
     </span>
     <span class='ocr_line' id='line_1_9' title="bbox 167 907 2003 994; baseline -0.003 -16"><span class='ocrx_word' id='word_1_71' title='bbox 167 907 711 978; x_wconf 69' lang='lat' dir='ltr'><strong>sentiae¹cordibus</strong></span> <span class='ocrx_word' id='word_1_72' title='bbox 748 913 916 974; x_wconf 88' lang='lat' dir='ltr'><strong>inscu</strong></span> <span class='ocrx_word' id='word_1_73' title='bbox 940 914 1050 994; x_wconf 91' lang='lat' dir='ltr'><strong>pit,</strong></span> <span class='ocrx_word' id='word_1_74' title='bbox 1090 932 1166 974; x_wconf 86' lang='lat' dir='ltr'><strong>ne</strong></span> <span class='ocrx_word' id='word_1_75' title='bbox 1207 913 1346 994; x_wconf 92' lang='lat' dir='ltr'><strong>quid</strong></span> <span class='ocrx_word' id='word_1_76' title='bbox 1377 911 1765 982; x_wconf 66' lang='lat' dir='ltr'><strong>,dubitationis</strong></span> <span class='ocrx_word' id='word_1_77' title='bbox 1804 925 2003 975; x_wconf 86' lang='lat' dir='ltr'><strong>restet.</strong></span> 
     </span>
    </p>

    <p class='ocr_par' dir='ltr' id='par_1_5' title="bbox 167 987 2443 1833">
     <span class='ocr_line' id='line_1_10' title="bbox 327 987 2434 1070; baseline 0.002 -20"><span class='ocrx_word' id='word_1_78' title='bbox 327 997 420 1057; x_wconf 82' lang='grc'><strong>32.</strong></span> <span class='ocrx_word' id='word_1_79' title='bbox 491 989 628 1066; x_wconf 77' lang='lat' dir='ltr'><strong>Ego</strong></span> <span class='ocrx_word' id='word_1_80' title='bbox 662 1012 796 1056; x_wconf 66' lang='lat' dir='ltr'><strong>sams,</strong></span> <span class='ocrx_word' id='word_1_81' title='bbox 827 989 997 1050; x_wconf 68' lang='lat' dir='ltr'><strong>Deua</strong></span> <span class='ocrx_word' id='word_1_82' title='bbox 1022 1005 1264 1066; x_wconf 75' lang='lat' dir='ltr'><strong>parrum</strong></span> <span class='ocrx_word' id='word_1_83' title='bbox 1297 1003 1547 1050; x_wconf 69' lang='lat' dir='ltr'><strong>moruus.</strong></span> <span class='ocrx_word' id='word_1_84' title='bbox 1625 990 1801 1050; x_wconf 88' lang='lat' dir='ltr'><strong>Nunc</strong></span> <span class='ocrx_word' id='word_1_85' title='bbox 1846 987 2107 1052; x_wconf 82' lang='lat' dir='ltr'><strong>videmus</strong></span> <span class='ocrx_word' id='word_1_86' title='bbox 2156 1011 2434 1070; x_wconf 76' lang='lat' dir='ltr'><strong>quorsum</strong></span> 
     </span>
     <span class='ocr_line' id='line_1_11' title="bbox 169 1063 2435 1147; baseline 0 -17"><span class='ocrx_word' id='word_1_87' title='bbox 169 1063 372 1130; x_wconf 84' lang='lat' dir='ltr'><strong>oblata</strong></span> <span class='ocrx_word' id='word_1_88' title='bbox 409 1067 582 1128; x_wconf 73' lang='lat' dir='ltr'><strong>fuerit</strong></span> <span class='ocrx_word' id='word_1_89' title='bbox 599 1067 760 1146; x_wconf 69' lang='lat' dir='ltr'><strong>Mosi</strong></span> <span class='ocrx_word' id='word_1_90' title='bbox 795 1069 964 1142; x_wconf 85' lang='lat' dir='ltr'><strong>visio,</strong></span> <span class='ocrx_word' id='word_1_91' title='bbox 1001 1087 1216 1147; x_wconf 87' lang='lat' dir='ltr'><strong>nempe</strong></span> <span class='ocrx_word' id='word_1_92' title='bbox 1253 1079 1320 1126; x_wconf 88' lang='lat' dir='ltr'><strong>ut</strong></span> <span class='ocrx_word' id='word_1_93' title='bbox 1355 1087 1459 1126; x_wconf 84' lang='lat' dir='ltr'><strong>sua</strong></span> <span class='ocrx_word' id='word_1_94' title='bbox 1494 1066 1680 1128; x_wconf 79' lang='lat' dir='ltr'><strong>verbo</strong></span> <span class='ocrx_word' id='word_1_95' title='bbox 1720 1067 1837 1128; x_wconf 89' lang='lat' dir='ltr'><strong>Dei</strong></span> <span class='ocrx_word' id='word_1_96' title='bbox 1859 1067 2175 1128; x_wconf 75' lang='lat' dir='ltr'><strong>auctoritas</strong></span> <span class='ocrx_word' id='word_1_97' title='bbox 2199 1081 2435 1130; x_wconf 82' lang='lat' dir='ltr'><strong>consta-</strong></span> 
     </span>
     <span class='ocr_line' id='line_1_12' title="bbox 169 1143 2435 1218; baseline 0 -12"><span class='ocrx_word' id='word_1_98' title='bbox 169 1157 286 1206; x_wconf 83' lang='lat' dir='ltr'><strong>ret.</strong></span> <span class='ocrx_word' id='word_1_99' title='bbox 357 1145 570 1204; x_wconf 85' lang='lat' dir='ltr'><strong>Parum</strong></span> <span class='ocrx_word' id='word_1_100' title='bbox 611 1144 772 1208; x_wconf 80' lang='lat' dir='ltr'><strong>euim</strong></span> <span class='ocrx_word' id='word_1_101' title='bbox 811 1144 1002 1204; x_wconf 86' lang='lat' dir='ltr'><strong>nudae</strong></span> <span class='ocrx_word' id='word_1_102' title='bbox 1032 1143 1290 1204; x_wconf 83' lang='lat' dir='ltr'><strong>visiones</strong></span> <span class='ocrx_word' id='word_1_103' title='bbox 1308 1143 1666 1218; x_wconf 82' lang='lat' dir='ltr'><strong>,prodessent</strong></span> <span class='ocrx_word' id='word_1_104' title='bbox 1688 1144 1799 1206; x_wconf 84' lang='lat' dir='ltr'><strong>nisi</strong></span> <span class='ocrx_word' id='word_1_105' title='bbox 1822 1144 2127 1206; x_wconf 78' lang='lat' dir='ltr'><strong>accederet</strong></span> <span class='ocrx_word' id='word_1_106' title='bbox 2148 1145 2435 1206; x_wconf 84' lang='lat' dir='ltr'><strong>doctriua.</strong></span> 
     </span>
     <span class='ocr_line' id='line_1_13' title="bbox 168 1219 2437 1302; baseline -0 -19"><span class='ocrx_word' id='word_1_107' title='bbox 168 1221 418 1283; x_wconf 74' lang='lat' dir='ltr'><strong>Accedit</strong></span> <span class='ocrx_word' id='word_1_108' title='bbox 455 1231 651 1282; x_wconf 87' lang='lat' dir='ltr'><strong>autem</strong></span> <span class='ocrx_word' id='word_1_109' title='bbox 691 1240 816 1280; x_wconf 87' lang='lat' dir='ltr'><strong>non</strong></span> <span class='ocrx_word' id='word_1_110' title='bbox 853 1230 1127 1302; x_wconf 85' lang='lat' dir='ltr'><strong>tanquam</strong></span> <span class='ocrx_word' id='word_1_111' title='bbox 1209 1241 1300 1280; x_wconf 87' lang='lat' dir='ltr'><strong>ars</strong></span> <span class='ocrx_word' id='word_1_112' title='bbox 1339 1219 1617 1294; x_wconf 84' lang='lat' dir='ltr'><strong>inferior,</strong></span> <span class='ocrx_word' id='word_1_113' title='bbox 1664 1221 1769 1282; x_wconf 78' lang='lat' dir='ltr'><strong>sed</strong></span> <span class='ocrx_word' id='word_1_114' title='bbox 1816 1233 2093 1300; x_wconf 86' lang='lat' dir='ltr'><strong>tanquam</strong></span> <span class='ocrx_word' id='word_1_115' title='bbox 2144 1221 2437 1292; x_wconf 26' lang='lat' dir='ltr'><strong>vision-um</strong></span> 
     </span>
     <span class='ocr_line' id='line_1_14' title="bbox 168 1295 2437 1372; baseline -0 -13"><span class='ocrx_word' id='word_1_116' title='bbox 168 1299 436 1359; x_wconf 87' lang='lat' dir='ltr'><strong>omnium</strong></span> <span class='ocrx_word' id='word_1_117' title='bbox 474 1319 649 1359; x_wconf 86' lang='lat' dir='ltr'><strong>causa</strong></span> <span class='ocrx_word' id='word_1_118' title='bbox 689 1307 750 1356; x_wconf 90' lang='lat' dir='ltr'><strong>et</strong></span> <span class='ocrx_word' id='word_1_119' title='bbox 789 1295 936 1358; x_wconf 85' lang='lat' dir='ltr'><strong>finis.</strong></span> <span class='ocrx_word' id='word_1_120' title='bbox 1017 1295 1159 1372; x_wconf 87' lang='lat' dir='ltr'><strong>Quo</strong></span> <span class='ocrx_word' id='word_1_121' title='bbox 1249 1307 1443 1356; x_wconf 85' lang='lat' dir='ltr'><strong>autem</strong></span> <span class='ocrx_word' id='word_1_122' title='bbox 1482 1317 1546 1356; x_wconf 83' lang='lat' dir='ltr'><strong>se</strong></span> <span class='ocrx_word' id='word_1_123' title='bbox 1586 1295 1782 1358; x_wconf 85' lang='lat' dir='ltr'><strong>Deum</strong></span> <span class='ocrx_word' id='word_1_124' title='bbox 1820 1297 2143 1370; x_wconf 37' lang='lat' dir='ltr'><strong>Abrahae?</strong></span> <span class='ocrx_word' id='word_1_125' title='bbox 2176 1297 2336 1358; x_wconf 81' lang='lat' dir='ltr'><strong>Isaac</strong></span> <span class='ocrx_word' id='word_1_126' title='bbox 2374 1309 2437 1358; x_wconf 86' lang='lat' dir='ltr'><strong>et</strong></span> 
     </span>
     <span class='ocr_line' id='line_1_15' title="bbox 167 1371 2441 1453; baseline -0.001 -17"><span class='ocrx_word' id='word_1_127' title='bbox 167 1373 352 1436; x_wconf 81' lang='lat' dir='ltr'><strong>Iacob</strong></span> <span class='ocrx_word' id='word_1_128' title='bbox 417 1377 715 1447; x_wconf 86' lang='lat' dir='ltr'><strong>nominat,</strong></span> <span class='ocrx_word' id='word_1_129' title='bbox 779 1372 951 1434; x_wconf 87' lang='lat' dir='ltr'><strong>buius</strong></span> <span class='ocrx_word' id='word_1_130' title='bbox 1005 1371 1415 1453; x_wconf 79' lang='lat' dir='ltr'><strong>appellationis</strong></span> <span class='ocrx_word' id='word_1_131' title='bbox 1464 1372 1675 1452; x_wconf 83' lang='lat' dir='ltr'><strong>duplex</strong></span> <span class='ocrx_word' id='word_1_132' title='bbox 1714 1387 1801 1436; x_wconf 78' lang='lat' dir='ltr'><strong>est</strong></span> <span class='ocrx_word' id='word_1_133' title='bbox 1838 1375 2049 1435; x_wconf 70' lang='lat' dir='ltr'><strong>ratim·</strong></span> <span class='ocrx_word' id='word_1_134' title='bbox 2087 1371 2173 1434; x_wconf 87' lang='lat' dir='ltr'><strong>Ut</strong></span> <span class='ocrx_word' id='word_1_135' title='bbox 2208 1373 2441 1434; x_wconf 88' lang='lat' dir='ltr'><strong>infinita</strong></span> 
     </span>
     <span class='ocr_line' id='line_1_16' title="bbox 169 1449 2437 1531; baseline -0 -20"><span class='ocrx_word' id='word_1_136' title='bbox 169 1464 262 1512; x_wconf 86' lang='lat' dir='ltr'><strong>est</strong></span> <span class='ocrx_word' id='word_1_137' title='bbox 295 1451 416 1510; x_wconf 88' lang='lat' dir='ltr'><strong>Dei</strong></span> <span class='ocrx_word' id='word_1_138' title='bbox 453 1451 758 1524; x_wconf 84' lang='lat' dir='ltr'><strong>maiestas,</strong></span> <span class='ocrx_word' id='word_1_139' title='bbox 805 1452 855 1509; x_wconf 89' lang='lat' dir='ltr'><strong>si</strong></span> <span class='ocrx_word' id='word_1_140' title='bbox 895 1471 1021 1510; x_wconf 86' lang='lat' dir='ltr'><strong>eam</strong></span> <span class='ocrx_word' id='word_1_141' title='bbox 1063 1449 1564 1530; x_wconf 79' lang='lat' dir='ltr'><strong>comprehendere</strong></span> <span class='ocrx_word' id='word_1_142' title='bbox 1614 1451 1943 1524; x_wconf 62' lang='lat' dir='ltr'><strong>volumus,</strong></span> <span class='ocrx_word' id='word_1_143' title='bbox 1974 1451 2169 1531; x_wconf 87' lang='lat' dir='ltr'><strong>potius</strong></span> <span class='ocrx_word' id='word_1_144' title='bbox 2232 1470 2437 1512; x_wconf 84' lang='lat' dir='ltr'><strong>sensus</strong></span> 
     </span>
     <span class='ocr_line' id='line_1_17' title="bbox 169 1525 2439 1606; baseline -0.001 -18"><span class='ocrx_word' id='word_1_145' title='bbox 169 1539 410 1590; x_wconf 81' lang='lat' dir='ltr'><strong>nostros</strong></span> <span class='ocrx_word' id='word_1_146' title='bbox 449 1525 760 1590; x_wconf 86' lang='lat' dir='ltr'><strong>absorbet:</strong></span> <span class='ocrx_word' id='word_1_147' title='bbox 798 1525 848 1586; x_wconf 90' lang='lat' dir='ltr'><strong>si</strong></span> <span class='ocrx_word' id='word_1_148' title='bbox 887 1527 960 1587; x_wconf 86' lang='lat' dir='ltr'><strong>ad</strong></span> <span class='ocrx_word' id='word_1_149' title='bbox 1003 1546 1128 1586; x_wconf 86' lang='lat' dir='ltr'><strong>eam</strong></span> <span class='ocrx_word' id='word_1_150' title='bbox 1165 1525 1483 1586; x_wconf 85' lang='lat' dir='ltr'><strong>ascendere</strong></span> <span class='ocrx_word' id='word_1_151' title='bbox 1523 1547 1825 1606; x_wconf 81' lang='lat' dir='ltr'><strong>conamur,</strong></span> <span class='ocrx_word' id='word_1_152' title='bbox 1866 1529 2275 1590; x_wconf 82' lang='lat' dir='ltr'><strong>evanescimus.</strong></span> <span class='ocrx_word' id='word_1_153' title='bbox 2354 1528 2439 1587; x_wconf 89' lang='lat' dir='ltr'><strong>Se</strong></span> 
     </span>
     <span class='ocr_line' id='line_1_18' title="bbox 171 1602 2437 1685; baseline 0 -21"><span class='ocrx_word' id='word_1_154' title='bbox 171 1624 322 1685; x_wconf 87' lang='lat' dir='ltr'><strong>ergo</strong></span> <span class='ocrx_word' id='word_1_155' title='bbox 360 1603 544 1664; x_wconf 86' lang='lat' dir='ltr'><strong>titulis</strong></span> <span class='ocrx_word' id='word_1_156' title='bbox 585 1613 763 1664; x_wconf 87' lang='lat' dir='ltr'><strong>ornat</strong></span> <span class='ocrx_word' id='word_1_157' title='bbox 800 1613 862 1662; x_wconf 90' lang='lat' dir='ltr'><strong>et</strong></span> <span class='ocrx_word' id='word_1_158' title='bbox 899 1603 1091 1678; x_wconf 85' lang='lat' dir='ltr'><strong>vestit,</strong></span> <span class='ocrx_word' id='word_1_159' title='bbox 1128 1602 1236 1662; x_wconf 88' lang='lat' dir='ltr'><strong>sub</strong></span> <span class='ocrx_word' id='word_1_160' title='bbox 1321 1602 1489 1679; x_wconf 80' lang='lat' dir='ltr'><strong>uibus</strong></span> <span class='ocrx_word' id='word_1_161' title='bbox 1528 1603 1949 1683; x_wconf 86' lang='lat' dir='ltr'><strong>comprehendi</strong></span> <span class='ocrx_word' id='word_1_162' title='bbox 1990 1625 2023 1664; x_wconf 89' lang='lat' dir='ltr'><strong>a</strong></span> <span class='ocrx_word' id='word_1_163' title='bbox 2047 1604 2220 1665; x_wconf 90' lang='lat' dir='ltr'><strong>nobis</strong></span> <span class='ocrx_word' id='word_1_164' title='bbox 2243 1615 2437 1685; x_wconf 87' lang='lat' dir='ltr'><strong>queat.</strong></span> 
     </span>
     <span class='ocr_line' id='line_1_19' title="bbox 173 1675 2437 1760; baseline 0 -20"><span class='ocrx_word' id='word_1_165' title='bbox 173 1679 300 1746; x_wconf 84' lang='lat' dir='ltr'><strong>Sed</strong></span> <span class='ocrx_word' id='word_1_166' title='bbox 337 1678 664 1742; x_wconf 88' lang='lat' dir='ltr'><strong>notandum</strong></span> <span class='ocrx_word' id='word_1_167' title='bbox 704 1691 812 1754; x_wconf 87' lang='lat' dir='ltr'><strong>est,</strong></span> <span class='ocrx_word' id='word_1_168' title='bbox 849 1679 1042 1740; x_wconf 90' lang='lat' dir='ltr'><strong>Deum</strong></span> <span class='ocrx_word' id='word_1_169' title='bbox 1081 1678 1196 1742; x_wconf 87' lang='lat' dir='ltr'><strong>sibi</strong></span> <span class='ocrx_word' id='word_1_170' title='bbox 1233 1675 1304 1738; x_wconf 88' lang='lat' dir='ltr'><strong>de</strong></span> <span class='ocrx_word' id='word_1_171' title='bbox 1333 1679 1495 1760; x_wconf 85' lang='lat' dir='ltr'><strong>igere</strong></span> <span class='ocrx_word' id='word_1_172' title='bbox 1532 1681 1755 1752; x_wconf 86' lang='lat' dir='ltr'><strong>titulos,</strong></span> <span class='ocrx_word' id='word_1_173' title='bbox 1794 1681 2003 1760; x_wconf 87' lang='lat' dir='ltr'><strong>quibus</strong></span> <span class='ocrx_word' id='word_1_174' title='bbox 2042 1701 2153 1740; x_wconf 88' lang='lat' dir='ltr'><strong>nos</strong></span> <span class='ocrx_word' id='word_1_175' title='bbox 2186 1681 2261 1741; x_wconf 90' lang='lat' dir='ltr'><strong>ad</strong></span> <span class='ocrx_word' id='word_1_176' title='bbox 2284 1681 2437 1740; x_wconf 84' lang='lat' dir='ltr'><strong>Ver-</strong></span> 
     </span>
     <span class='ocr_line' id='line_1_20' title="bbox 173 1754 2443 1833; baseline -0.001 -15"><span class='ocrx_word' id='word_1_177' title='bbox 173 1755 318 1818; x_wconf 86' lang='lat' dir='ltr'><strong>bum</strong></span> <span class='ocrx_word' id='word_1_178' title='bbox 355 1767 618 1818; x_wconf 77' lang='lat' dir='ltr'><strong>revocet.</strong></span> <span class='ocrx_word' id='word_1_179' title='bbox 693 1755 841 1816; x_wconf 90' lang='lat' dir='ltr'><strong>Ideo</strong></span> <span class='ocrx_word' id='word_1_180' title='bbox 883 1756 1038 1816; x_wconf 79' lang='lat' dir='ltr'><strong>enin·</strong></span> <span class='ocrx_word' id='word_1_181' title='bbox 1077 1757 1240 1816; x_wconf 88' lang='lat' dir='ltr'><strong>Deus</strong></span> <span class='ocrx_word' id='word_1_182' title='bbox 1278 1754 1583 1830; x_wconf 76' lang='lat' dir='ltr'><strong>Abrahae,</strong></span> <span class='ocrx_word' id='word_1_183' title='bbox 1631 1755 1791 1818; x_wconf 83' lang='lat' dir='ltr'><strong>Isaac</strong></span> <span class='ocrx_word' id='word_1_184' title='bbox 1844 1767 1905 1817; x_wconf 89' lang='lat' dir='ltr'><strong>et</strong></span> <span class='ocrx_word' id='word_1_185' title='bbox 1942 1756 2123 1818; x_wconf 86' lang='lat' dir='ltr'><strong>Iacob</strong></span> <span class='ocrx_word' id='word_1_186' title='bbox 2172 1769 2443 1833; x_wconf 80' lang='lat' dir='ltr'><strong>vocatur,</strong></span> 
     </span>
    </p>

    <p class='ocr_par' dir='ltr' id='par_1_6' title="bbox 171 1831 2441 2222">
     <span class='ocr_line' id='line_1_21' title="bbox 217 1831 2441 1913; baseline 0 -20"><span class='ocrx_word' id='word_1_187' title='bbox 217 1837 312 1893; x_wconf 88' lang='lat' dir='ltr'><strong>uia</strong></span> <span class='ocrx_word' id='word_1_188' title='bbox 351 1833 554 1894; x_wconf 86' lang='lat' dir='ltr'><strong>salutis</strong></span> <span class='ocrx_word' id='word_1_189' title='bbox 591 1833 919 1894; x_wconf 76' lang='lat' dir='ltr'><strong>doctrinam</strong></span> <span class='ocrx_word' id='word_1_190' title='bbox 957 1834 1110 1913; x_wconf 90' lang='lat' dir='ltr'><strong>apud</strong></span> <span class='ocrx_word' id='word_1_191' title='bbox 1145 1853 1253 1892; x_wconf 86' lang='lat' dir='ltr'><strong>eos</strong></span> <span class='ocrx_word' id='word_1_192' title='bbox 1293 1831 1562 1912; x_wconf 83' lang='lat' dir='ltr'><strong>deposuit</strong></span> <span class='ocrx_word' id='word_1_193' title='bbox 1596 1854 1710 1912; x_wconf 90' lang='lat' dir='ltr'><strong>qua</strong></span> <span class='ocrx_word' id='word_1_194' title='bbox 1762 1834 1983 1894; x_wconf 86' lang='lat' dir='ltr'><strong>mundo</strong></span> <span class='ocrx_word' id='word_1_195' title='bbox 2022 1834 2441 1896; x_wconf 78' lang='lat' dir='ltr'><strong>innotesceret.</strong></span> 
     </span>
     <span class='ocr_line' id='line_1_22' title="bbox 171 1855 2439 1991; baseline 0.001 -23"><span class='ocrx_word' id='word_1_196' title='bbox 171 1855 402 1970; x_wconf 45' lang='lat' dir='ltr'><strong>zerum</strong></span> <span class='ocrx_word' id='word_1_197' title='bbox 439 1911 604 1970; x_wconf 84' lang='lat' dir='ltr'><strong>Deus</strong></span> <span class='ocrx_word' id='word_1_198' title='bbox 640 1909 879 1990; x_wconf 82' lang='lat' dir='ltr'><strong>proprie</strong></span> <span class='ocrx_word' id='word_1_199' title='bbox 917 1910 987 1969; x_wconf 85' lang='lat' dir='ltr'><strong>ad</strong></span> <span class='ocrx_word' id='word_1_200' title='bbox 1029 1910 1521 1970; x_wconf 83' lang='lat' dir='ltr'><strong>circumstantiam</strong></span> <span class='ocrx_word' id='word_1_201' title='bbox 1561 1923 1927 1991; x_wconf 86' lang='lat' dir='ltr'><strong>praesentem</strong></span> <span class='ocrx_word' id='word_1_202' title='bbox 1947 1910 2215 1990; x_wconf 82' lang='lat' dir='ltr'><strong>respexit,</strong></span> <span class='ocrx_word' id='word_1_203' title='bbox 2256 1932 2439 1991; x_wconf 86' lang='lat' dir='ltr'><strong>quum</strong></span> 
     </span>
     <span class='ocr_line' id='line_1_23' title="bbox 173 1984 2441 2124; baseline -0.001 -76"><span class='ocrx_word' id='word_1_204' title='bbox 173 1987 262 2048; x_wconf 84' lang='lat' dir='ltr'><strong>ita</strong></span> <span class='ocrx_word' id='word_1_205' title='bbox 299 1987 452 2048; x_wconf 79' lang='lat' dir='ltr'><strong>Mosi</strong></span> <span class='ocrx_word' id='word_1_206' title='bbox 493 1984 772 2066; x_wconf 83' lang='lat' dir='ltr'><strong>loquutus</strong></span> <span class='ocrx_word' id='word_1_207' title='bbox 813 1997 916 2046; x_wconf 87' lang='lat' dir='ltr'><strong>est.</strong></span> <span class='ocrx_word' id='word_1_208' title='bbox 993 1987 1139 2047; x_wconf 85' lang='lat' dir='ltr'><strong>Nam</strong></span> <span class='ocrx_word' id='word_1_209' title='bbox 1190 1989 1333 2046; x_wconf 85' lang='lat' dir='ltr'><strong>visio</strong></span> <span class='ocrx_word' id='word_1_210' title='bbox 1385 1985 1527 2046; x_wconf 85' lang='lat' dir='ltr'><strong>haec</strong></span> <span class='ocrx_word' id='word_1_211' title='bbox 1576 1998 1639 2046; x_wconf 90' lang='lat' dir='ltr'><strong>et</strong></span> <span class='ocrx_word' id='word_1_212' title='bbox 1695 2007 1827 2068; x_wconf 86' lang='lat' dir='ltr'><strong>spes</strong></span> <span class='ocrx_word' id='word_1_213' title='bbox 1880 1987 2170 2047; x_wconf 87' lang='lat' dir='ltr'><strong>liberandi</strong></span> <span class='ocrx_word' id='word_1_214' title='bbox 2231 1987 2441 2124; x_wconf 52' lang='lat' dir='ltr'><strong>powg</strong></span> 
     </span>
     <span class='ocr_line' id='line_1_24' title="bbox 176 2061 2393 2157; baseline -0.001 -31"><span class='ocrx_word' id='word_1_215' title='bbox 176 2076 242 2126; x_wconf 83' lang='lat' dir='ltr'><strong>et</strong></span> <span class='ocrx_word' id='word_1_216' title='bbox 278 2063 612 2124; x_wconf 86' lang='lat' dir='ltr'><strong>mandatum</strong></span> <span class='ocrx_word' id='word_1_217' title='bbox 653 2061 814 2143; x_wconf 91' lang='lat' dir='ltr'><strong>quod</strong></span> <span class='ocrx_word' id='word_1_218' title='bbox 851 2061 1004 2124; x_wconf 85' lang='lat' dir='ltr'><strong>Mosi</strong></span> <span class='ocrx_word' id='word_1_219' title='bbox 1055 2063 1288 2124; x_wconf 87' lang='lat' dir='ltr'><strong>daturus</strong></span> <span class='ocrx_word' id='word_1_220' title='bbox 1339 2073 1465 2122; x_wconf 87' lang='lat' dir='ltr'><strong>erat</strong></span> <span class='ocrx_word' id='word_1_221' title='bbox 1512 2083 1545 2124; x_wconf 90' lang='lat' dir='ltr'><strong>a</strong></span> <span class='ocrx_word' id='word_1_222' title='bbox 1587 2062 1830 2125; x_wconf 83' lang='lat' dir='ltr'><strong>foedere</strong></span> <span class='ocrx_word' id='word_1_223' title='bbox 1868 2061 2225 2157; x_wconf 86' lang='lat' dir='ltr'><strong>pendebant,</strong></span> <span class='ocrx_word' id='word_1_224' title='bbox 2276 2085 2393 2144; x_wconf 91' lang='lat' dir='ltr'><strong>quo</strong></span> 
     </span>
     <span class='ocr_line' id='line_1_25' title="bbox 175 2139 2441 2222; baseline 0.001 -24"><span class='ocrx_word' id='word_1_225' title='bbox 175 2143 489 2222; x_wconf 84' lang='lat' dir='ltr'><strong>pepigerat</strong></span> <span class='ocrx_word' id='word_1_226' title='bbox 527 2139 666 2203; x_wconf 86' lang='lat' dir='ltr'><strong>olim</strong></span> <span class='ocrx_word' id='word_1_227' title='bbox 707 2161 839 2198; x_wconf 89' lang='lat' dir='ltr'><strong>cum</strong></span> <span class='ocrx_word' id='word_1_228' title='bbox 877 2139 1168 2200; x_wconf 84' lang='lat' dir='ltr'><strong>Patribus.</strong></span> <span class='ocrx_word' id='word_1_229' title='bbox 1224 2139 1316 2200; x_wconf 85' lang='lat' dir='ltr'><strong>Ita</strong></span> <span class='ocrx_word' id='word_1_230' title='bbox 1355 2139 1627 2202; x_wconf 85' lang='lat' dir='ltr'><strong>novitatis</strong></span> <span class='ocrx_word' id='word_1_231' title='bbox 1667 2142 1927 2220; x_wconf 76' lang='lat' dir='ltr'><strong>suspicio</strong></span> <span class='ocrx_word' id='word_1_232' title='bbox 1966 2141 2203 2202; x_wconf 86' lang='lat' dir='ltr'><strong>tollitur</strong></span> <span class='ocrx_word' id='word_1_233' title='bbox 2240 2153 2301 2200; x_wconf 88' lang='lat' dir='ltr'><strong>et</strong></span> <span class='ocrx_word' id='word_1_234' title='bbox 2322 2144 2441 2201; x_wconf 86' lang='lat' dir='ltr'><strong>eri-</strong></span> 
     </span>
    </p>

    <p class='ocr_par' dir='ltr' id='par_1_7' title="bbox 179 2215 2538 3681">
     <span class='ocr_line' id='line_1_26' title="bbox 221 2215 2441 2299; baseline -0.001 -21"><span class='ocrx_word' id='word_1_235' title='bbox 221 2219 340 2278; x_wconf 86' lang='lat' dir='ltr'><strong>itur</strong></span> <span class='ocrx_word' id='word_1_236' title='bbox 399 2217 624 2278; x_wconf 87' lang='lat' dir='ltr'><strong>animus</strong></span> <span class='ocrx_word' id='word_1_237' title='bbox 663 2215 844 2276; x_wconf 86' lang='lat' dir='ltr'><strong>Mosis</strong></span> <span class='ocrx_word' id='word_1_238' title='bbox 903 2216 972 2276; x_wconf 88' lang='lat' dir='ltr'><strong>ad</strong></span> <span class='ocrx_word' id='word_1_239' title='bbox 1030 2217 1382 2297; x_wconf 84' lang='lat' dir='ltr'><strong>sperandam</strong></span> <span class='ocrx_word' id='word_1_240' title='bbox 1437 2218 1927 2299; x_wconf 85' lang='lat' dir='ltr'><strong>redemptionem,</strong></span> <span class='ocrx_word' id='word_1_241' title='bbox 1968 2238 2115 2299; x_wconf 88' lang='lat' dir='ltr'><strong>quae</strong></span> <span class='ocrx_word' id='word_1_242' title='bbox 2154 2217 2215 2276; x_wconf 90' lang='lat' dir='ltr'><strong>in</strong></span> <span class='ocrx_word' id='word_1_243' title='bbox 2254 2216 2441 2278; x_wconf 84' lang='lat' dir='ltr'><strong>veteri</strong></span> 
     </span>
     <span class='ocr_line' id='line_1_27' title="bbox 248 2291 2441 2377; baseline 0 -23"><span class='ocrx_word' id='word_1_244' title='bbox 248 2295 302 2354; x_wconf 85' lang='lat' dir='ltr'><strong>ei</strong></span> <span class='ocrx_word' id='word_1_245' title='bbox 399 2293 746 2354; x_wconf 86' lang='lat' dir='ltr'><strong>romissione</strong></span> <span class='ocrx_word' id='word_1_246' title='bbox 807 2291 1049 2367; x_wconf 74' lang='lat' dir='ltr'><strong>fundata</strong></span> <span class='ocrx_word' id='word_1_247' title='bbox 1111 2305 1216 2354; x_wconf 89' lang='lat' dir='ltr'><strong>est.</strong></span> <span class='ocrx_word' id='word_1_248' title='bbox 1293 2294 1551 2354; x_wconf 86' lang='lat' dir='ltr'><strong>Perinde</strong></span> <span class='ocrx_word' id='word_1_249' title='bbox 1612 2315 1758 2377; x_wconf 90' lang='lat' dir='ltr'><strong>ergo</strong></span> <span class='ocrx_word' id='word_1_250' title='bbox 1812 2298 1965 2355; x_wconf 85' lang='lat' dir='ltr'><strong>valet</strong></span> <span class='ocrx_word' id='word_1_251' title='bbox 2016 2293 2273 2374; x_wconf 89' lang='lat' dir='ltr'><strong>elogium</strong></span> <span class='ocrx_word' id='word_1_252' title='bbox 2324 2293 2441 2354; x_wconf 90' lang='lat' dir='ltr'><strong>hoc</strong></span> 
     </span>
     <span class='ocr_line' id='line_1_28' title="bbox 180 2315 2445 2452; baseline -0.003 -17"><span class='ocrx_word' id='word_1_253' title='bbox 180 2372 304 2435; x_wconf 83' lang='lat' dir='ltr'><strong>acsi</strong></span> <span class='ocrx_word' id='word_1_254' title='bbox 341 2315 572 2445; x_wconf 65' lang='lat' dir='ltr'><strong>dixisset</strong></span> <span class='ocrx_word' id='word_1_255' title='bbox 606 2369 796 2430; x_wconf 87' lang='lat' dir='ltr'><strong>Deus:</strong></span> <span class='ocrx_word' id='word_1_256' title='bbox 844 2370 977 2452; x_wconf 86' lang='lat' dir='ltr'><strong>Ego</strong></span> <span class='ocrx_word' id='word_1_257' title='bbox 1019 2371 1118 2450; x_wconf 89' lang='lat' dir='ltr'><strong>qui</strong></span> <span class='ocrx_word' id='word_1_258' title='bbox 1155 2368 1401 2431; x_wconf 87' lang='lat' dir='ltr'><strong>salutem</strong></span> <span class='ocrx_word' id='word_1_259' title='bbox 1440 2382 1688 2431; x_wconf 85' lang='lat' dir='ltr'><strong>vestram</strong></span> <span class='ocrx_word' id='word_1_260' title='bbox 1729 2370 1873 2431; x_wconf 89' lang='lat' dir='ltr'><strong>mihi</strong></span> <span class='ocrx_word' id='word_1_261' title='bbox 1912 2391 2087 2431; x_wconf 87' lang='lat' dir='ltr'><strong>curae</strong></span> <span class='ocrx_word' id='word_1_262' title='bbox 2128 2373 2257 2431; x_wconf 85' lang='lat' dir='ltr'><strong>fore</strong></span> <span class='ocrx_word' id='word_1_263' title='bbox 2324 2370 2445 2429; x_wconf 90' lang='lat' dir='ltr'><strong>Pa-</strong></span> 
     </span>
     <span class='ocr_line' id='line_1_29' title="bbox 181 2445 2537 2539; baseline -0.001 -30"><span class='ocrx_word' id='word_1_264' title='bbox 181 2448 382 2519; x_wconf 81' lang='lat' dir='ltr'><strong>tribus</strong></span> <span class='ocrx_word' id='word_1_265' title='bbox 417 2446 614 2509; x_wconf 84' lang='lat' dir='ltr'><strong>vestris</strong></span> <span class='ocrx_word' id='word_1_266' title='bbox 652 2446 794 2507; x_wconf 90' lang='lat' dir='ltr'><strong>olim</strong></span> <span class='ocrx_word' id='word_1_267' title='bbox 832 2447 1092 2527; x_wconf 86' lang='lat' dir='ltr'><strong>promisi,</strong></span> <span class='ocrx_word' id='word_1_268' title='bbox 1132 2446 1232 2539; x_wconf 78' lang='lat' dir='ltr'><strong>qui</strong></span> <span class='ocrx_word' id='word_1_269' title='bbox 1269 2467 1455 2529; x_wconf 86' lang='lat' dir='ltr'><strong>genus</strong></span> <span class='ocrx_word' id='word_1_270' title='bbox 1493 2445 1762 2507; x_wconf 81' lang='lat' dir='ltr'><strong>Abrahae</strong></span> <span class='ocrx_word' id='word_1_271' title='bbox 1802 2447 2059 2529; x_wconf 86' lang='lat' dir='ltr'><strong>gratuito</strong></span> <span class='ocrx_word' id='word_1_272' title='bbox 2097 2445 2339 2508; x_wconf 83' lang='lat' dir='ltr'><strong>foedere</strong></span> <span class='ocrx_word' id='word_1_273' title='bbox 2380 2447 2443 2507; x_wconf 86' lang='lat' dir='ltr'><strong>in</strong></span> <span class='ocrx_word' id='word_1_274' title='bbox 2532 2516 2537 2523; x_wconf 81' lang='lat'><strong>.</strong></span> 
     </span>
     <span class='ocr_line' id='line_1_30' title="bbox 187 2521 2538 2605; baseline -0 -21"><span class='ocrx_word' id='word_1_275' title='bbox 187 2524 372 2585; x_wconf 75' lang='lat' dir='ltr'><strong>fidem</strong></span> <span class='ocrx_word' id='word_1_276' title='bbox 409 2544 592 2583; x_wconf 89' lang='lat' dir='ltr'><strong>meam</strong></span> <span class='ocrx_word' id='word_1_277' title='bbox 629 2523 850 2603; x_wconf 80' lang='lat' dir='ltr'><strong>accepi,</strong></span> <span class='ocrx_word' id='word_1_278' title='bbox 890 2523 1010 2583; x_wconf 91' lang='lat' dir='ltr'><strong>imo</strong></span> <span class='ocrx_word' id='word_1_279' title='bbox 1053 2546 1155 2605; x_wconf 75' lang='lat' dir='ltr'><strong>qur</strong></span> <span class='ocrx_word' id='word_1_280' title='bbox 1195 2522 1431 2603; x_wconf 82' lang='lat' dir='ltr'><strong>praefixi</strong></span> <span class='ocrx_word' id='word_1_281' title='bbox 1470 2521 1585 2583; x_wconf 86' lang='lat' dir='ltr'><strong>boc</strong></span> <span class='ocrx_word' id='word_1_282' title='bbox 1638 2534 1865 2604; x_wconf 80' lang='lat' dir='ltr'><strong>tempus</strong></span> <span class='ocrx_word' id='word_1_283' title='bbox 1911 2522 2199 2583; x_wconf 83' lang='lat' dir='ltr'><strong>finiendae</strong></span> <span class='ocrx_word' id='word_1_284' title='bbox 2250 2522 2445 2605; x_wconf 85' lang='lat' dir='ltr'><strong>gentis</strong></span> <span class='ocrx_word' id='word_1_285' title='bbox 2536 2588 2538 2593; x_wconf 54' lang='grc'>,</span> 
     </span>
     <span class='ocr_line' id='line_1_31' title="bbox 187 2598 2537 2681; baseline 0 -19"><span class='ocrx_word' id='word_1_286' title='bbox 187 2613 422 2663; x_wconf 78' lang='lat' dir='ltr'><strong>vestrae</strong></span> <span class='ocrx_word' id='word_1_287' title='bbox 460 2599 734 2674; x_wconf 79' lang='lat' dir='ltr'><strong>servituti,</strong></span> <span class='ocrx_word' id='word_1_288' title='bbox 773 2622 931 2660; x_wconf 89' lang='lat' dir='ltr'><strong>nunc</strong></span> <span class='ocrx_word' id='word_1_289' title='bbox 969 2598 1038 2660; x_wconf 86' lang='lat' dir='ltr'><strong>ad</strong></span> <span class='ocrx_word' id='word_1_290' title='bbox 1080 2600 1487 2681; x_wconf 87' lang='lat' dir='ltr'><strong>praestandam</strong></span> <span class='ocrx_word' id='word_1_291' title='bbox 1526 2599 1693 2660; x_wconf 88' lang='lat' dir='ltr'><strong>dictis</strong></span> <span class='ocrx_word' id='word_1_292' title='bbox 1732 2599 1875 2661; x_wconf 89' lang='lat' dir='ltr'><strong>meis</strong></span> <span class='ocrx_word' id='word_1_293' title='bbox 1913 2598 2086 2659; x_wconf 83' lang='lat' dir='ltr'><strong>fidem</strong></span> <span class='ocrx_word' id='word_1_294' title='bbox 2126 2598 2237 2659; x_wconf 87' lang='lat' dir='ltr'><strong>tibi</strong></span> <span class='ocrx_word' id='word_1_295' title='bbox 2264 2620 2337 2679; x_wconf 88' lang='lat' dir='ltr'><strong>ap</strong></span> <span class='ocrx_word' id='word_1_296' title='bbox 2381 2620 2443 2659; x_wconf 84' lang='lat' dir='ltr'><strong>a·</strong></span> <span class='ocrx_word' id='word_1_297' title='bbox 2530 2655 2537 2663; x_wconf 88' lang='lat'><strong>.</strong></span> 
     </span>
     <span class='ocr_line' id='line_1_32' title="bbox 183 2674 2445 2756; baseline -0.002 -18"><span class='ocrx_word' id='word_1_298' title='bbox 183 2698 332 2739; x_wconf 80' lang='lat' dir='ltr'><strong>reo:</strong></span> <span class='ocrx_word' id='word_1_299' title='bbox 373 2677 856 2756; x_wconf 86' lang='lat' dir='ltr'><strong>quemadmodum</strong></span> <span class='ocrx_word' id='word_1_300' title='bbox 896 2676 1072 2736; x_wconf 89' lang='lat' dir='ltr'><strong>bodie</strong></span> <span class='ocrx_word' id='word_1_301' title='bbox 1112 2696 1316 2737; x_wconf 82' lang='lat' dir='ltr'><strong>omnes</strong></span> <span class='ocrx_word' id='word_1_302' title='bbox 1347 2676 1463 2736; x_wconf 89' lang='lat' dir='ltr'><strong>Dei</strong></span> <span class='ocrx_word' id='word_1_303' title='bbox 1497 2676 1935 2755; x_wconf 86' lang='lat' dir='ltr'><strong>promissiones,</strong></span> <span class='ocrx_word' id='word_1_304' title='bbox 1974 2674 2241 2736; x_wconf 70' lang='lat' dir='ltr'><strong>ut‘nobis</strong></span> <span class='ocrx_word' id='word_1_305' title='bbox 2264 2687 2349 2735; x_wconf 88' lang='lat' dir='ltr'><strong>sta</strong></span> <span class='ocrx_word' id='word_1_306' title='bbox 2392 2676 2445 2734; x_wconf 92' lang='lat' dir='ltr'><strong>i-</strong></span> 
     </span>
     <span class='ocr_line' id='line_1_33' title="bbox 179 2750 2443 2834; baseline -0.002 -19"><span class='ocrx_word' id='word_1_307' title='bbox 179 2754 275 2815; x_wconf 84' lang='lat' dir='ltr'><strong>les</strong></span> <span class='ocrx_word' id='word_1_308' title='bbox 313 2775 384 2815; x_wconf 88' lang='lat' dir='ltr'><strong>ac</strong></span> <span class='ocrx_word' id='word_1_309' title='bbox 405 2752 600 2813; x_wconf 83' lang='lat' dir='ltr'><strong>finnae</strong></span> <span class='ocrx_word' id='word_1_310' title='bbox 632 2753 772 2827; x_wconf 77' lang='lat' dir='ltr'><strong>sint,</strong></span> <span class='ocrx_word' id='word_1_311' title='bbox 810 2750 926 2813; x_wconf 90' lang='lat' dir='ltr'><strong>boc</strong></span> <span class='ocrx_word' id='word_1_312' title='bbox 966 2752 1345 2813; x_wconf 78' lang='lat' dir='ltr'><strong>fundamento</strong></span> <span class='ocrx_word' id='word_1_313' title='bbox 1371 2751 1479 2813; x_wconf 90' lang='lat' dir='ltr'><strong>niti</strong></span> <span class='ocrx_word' id='word_1_314' title='bbox 1504 2764 1765 2834; x_wconf 84' lang='lat' dir='ltr'><strong>oportet,</strong></span> <span class='ocrx_word' id='word_1_315' title='bbox 1806 2752 1965 2832; x_wconf 90' lang='lat' dir='ltr'><strong>quod</strong></span> <span class='ocrx_word' id='word_1_316' title='bbox 1990 2752 2153 2812; x_wconf 85' lang='lat' dir='ltr'><strong>Deus</strong></span> <span class='ocrx_word' id='word_1_317' title='bbox 2176 2752 2239 2811; x_wconf 89' lang='lat' dir='ltr'><strong>in</strong></span> <span class='ocrx_word' id='word_1_318' title='bbox 2265 2750 2443 2813; x_wconf 87' lang='lat' dir='ltr'><strong>Chri-</strong></span> 
     </span>
     <span class='ocr_line' id='line_1_34' title="bbox 179 2828 2533 2911; baseline -0.002 -17"><span class='ocrx_word' id='word_1_319' title='bbox 179 2844 282 2894; x_wconf 87' lang='lat' dir='ltr'><strong>sto</strong></span> <span class='ocrx_word' id='word_1_320' title='bbox 323 2851 432 2893; x_wconf 84' lang='lat' dir='ltr'><strong>nos</strong></span> <span class='ocrx_word' id='word_1_321' title='bbox 473 2830 770 2909; x_wconf 86' lang='lat' dir='ltr'><strong>adoptavit</strong></span> <span class='ocrx_word' id='word_1_322' title='bbox 805 2848 986 2910; x_wconf 87' lang='lat' dir='ltr'><strong>seque</strong></span> <span class='ocrx_word' id='word_1_323' title='bbox 1021 2830 1260 2891; x_wconf 87' lang='lat' dir='ltr'><strong>Patrem</strong></span> <span class='ocrx_word' id='word_1_324' title='bbox 1299 2852 1364 2891; x_wconf 86' lang='lat' dir='ltr'><strong>ac</strong></span> <span class='ocrx_word' id='word_1_325' title='bbox 1404 2829 1599 2889; x_wconf 87' lang='lat' dir='ltr'><strong>Deum</strong></span> <span class='ocrx_word' id='word_1_326' title='bbox 1638 2828 1809 2889; x_wconf 87' lang='lat' dir='ltr'><strong>nobis</strong></span> <span class='ocrx_word' id='word_1_327' title='bbox 1852 2828 1983 2890; x_wconf 81' lang='lat' dir='ltr'><strong>fore</strong></span> <span class='ocrx_word' id='word_1_328' title='bbox 2022 2828 2319 2911; x_wconf 83' lang='lat' dir='ltr'><strong>pollicitus</strong></span> <span class='ocrx_word' id='word_1_329' title='bbox 2354 2840 2447 2889; x_wconf 86' lang='lat' dir='ltr'><strong>est</strong></span> <span class='ocrx_word' id='word_1_330' title='bbox 2528 2896 2533 2905; x_wconf 90' lang='lat'><strong>.</strong></span> 
     </span>
     <span class='ocr_line' id='line_1_35' title="bbox 183 2903 2445 2994; baseline -0.001 -25"><span class='ocrx_word' id='word_1_331' title='bbox 183 2907 426 2994; x_wconf 80' lang='lat' dir='ltr'><strong>(Mattb.</strong></span> <span class='ocrx_word' id='word_1_332' title='bbox 465 2914 564 2981; x_wconf 68' lang='lat'><strong>22,</strong></span> <span class='ocrx_word' id='word_1_333' title='bbox 601 2907 746 2983; x_wconf 69' lang='lat'><strong>32).</strong></span> <span class='ocrx_word' id='word_1_334' title='bbox 807 2906 1119 2968; x_wconf 85' lang='lat' dir='ltr'><strong>Caeterum</strong></span> <span class='ocrx_word' id='word_1_335' title='bbox 1159 2927 1227 2966; x_wconf 84' lang='lat' dir='ltr'><strong>ex</strong></span> <span class='ocrx_word' id='word_1_336' title='bbox 1265 2906 1378 2967; x_wconf 89' lang='lat' dir='ltr'><strong>boc</strong></span> <span class='ocrx_word' id='word_1_337' title='bbox 1419 2903 1849 2969; x_wconf 84' lang='lat' dir='ltr'><strong>loco·Cbristus</strong></span> <span class='ocrx_word' id='word_1_338' title='bbox 1890 2926 2011 2967; x_wconf 88' lang='lat' dir='ltr'><strong>non</strong></span> <span class='ocrx_word' id='word_1_339' title='bbox 2032 2905 2252 2987; x_wconf 84' lang='lat' dir='ltr'><strong>absque</strong></span> <span class='ocrx_word' id='word_1_340' title='bbox 2284 2905 2445 2987; x_wconf 85' lang='lat' dir='ltr'><strong>opti-</strong></span> 
     </span>
     <span class='ocr_line' id='line_1_36' title="bbox 179 2976 2449 3075; baseline -0.002 -28"><span class='ocrx_word' id='word_1_341' title='bbox 179 3007 281 3047; x_wconf 84' lang='lat' dir='ltr'><strong>ma</strong></span> <span class='ocrx_word' id='word_1_342' title='bbox 333 2984 566 3045; x_wconf 88' lang='lat' dir='ltr'><strong>ratione</strong></span> <span class='ocrx_word' id='word_1_343' title='bbox 605 2980 862 3065; x_wconf 86' lang='lat' dir='ltr'><strong>colligit,</strong></span> <span class='ocrx_word' id='word_1_344' title='bbox 916 2984 1046 3064; x_wconf 90' lang='lat' dir='ltr'><strong>pios</strong></span> <span class='ocrx_word' id='word_1_345' title='bbox 1086 2976 1210 3045; x_wconf 58' lang='lat' dir='ltr'><strong>esse</strong></span> <span class='ocrx_word' id='word_1_346' title='bbox 1251 2995 1397 3075; x_wconf 85' lang='lat' dir='ltr'><strong>post</strong></span> <span class='ocrx_word' id='word_1_347' title='bbox 1447 2994 1701 3043; x_wconf 87' lang='lat' dir='ltr'><strong>mortem</strong></span> <span class='ocrx_word' id='word_1_348' title='bbox 1756 2982 2114 3063; x_wconf 84' lang='lat' dir='ltr'><strong>superstites.</strong></span> <span class='ocrx_word' id='word_1_349' title='bbox 2197 2983 2347 3044; x_wconf 90' lang='lat' dir='ltr'><strong>Nam</strong></span> <span class='ocrx_word' id='word_1_350' title='bbox 2397 2982 2449 3044; x_wconf 85' lang='lat' dir='ltr'><strong>si</strong></span> 
     </span>
     <span class='ocr_line' id='line_1_37' title="bbox 183 3058 2449 3143; baseline -0.001 -20"><span class='ocrx_word' id='word_1_351' title='bbox 183 3074 348 3124; x_wconf 83' lang='lat' dir='ltr'><strong>totus</strong></span> <span class='ocrx_word' id='word_1_352' title='bbox 385 3060 570 3121; x_wconf 85' lang='lat' dir='ltr'><strong>homo</strong></span> <span class='ocrx_word' id='word_1_353' title='bbox 608 3061 670 3119; x_wconf 89' lang='lat' dir='ltr'><strong>in</strong></span> <span class='ocrx_word' id='word_1_354' title='bbox 709 3062 1211 3143; x_wconf 53' lang='lat' dir='ltr'><strong>morte0intereat,</strong></span> <span class='ocrx_word' id='word_1_355' title='bbox 1249 3070 1447 3141; x_wconf 87' lang='lat' dir='ltr'><strong>mepta</strong></span> <span class='ocrx_word' id='word_1_356' title='bbox 1472 3058 1941 3139; x_wconf 81' lang='lat' dir='ltr'><strong>&#39;essetloquutio,</strong></span> <span class='ocrx_word' id='word_1_357' title='bbox 1978 3061 2109 3143; x_wconf 89' lang='lat' dir='ltr'><strong>Ego</strong></span> <span class='ocrx_word' id='word_1_358' title='bbox 2134 3081 2263 3121; x_wconf 87' lang='lat' dir='ltr'><strong>sum</strong></span> <span class='ocrx_word' id='word_1_359' title='bbox 2283 3058 2449 3121; x_wconf 77' lang='lat' dir='ltr'><strong>Deus</strong></span> 
     </span>
     <span class='ocr_line' id='line_1_38' title="bbox 181 3135 2461 3219; baseline -0.002 -18"><span class='ocrx_word' id='word_1_360' title='bbox 181 3137 480 3201; x_wconf 74' lang='lat' dir='ltr'><strong>Abrabae.</strong></span> <span class='ocrx_word' id='word_1_361' title='bbox 555 3138 874 3219; x_wconf 82' lang='lat' dir='ltr'><strong>Fingamus</strong></span> <span class='ocrx_word' id='word_1_362' title='bbox 913 3135 1128 3198; x_wconf 86' lang='lat' dir='ltr'><strong>nullam</strong></span> <span class='ocrx_word' id='word_1_363' title='bbox 1167 3156 1292 3197; x_wconf 89' lang='lat' dir='ltr'><strong>esse</strong></span> <span class='ocrx_word' id='word_1_364' title='bbox 1331 3158 1423 3197; x_wconf 87' lang='lat' dir='ltr'><strong>am</strong></span> <span class='ocrx_word' id='word_1_365' title='bbox 1466 3135 1577 3197; x_wconf 89' lang='lat' dir='ltr'><strong>lius</strong></span> <span class='ocrx_word' id='word_1_366' title='bbox 1614 3136 1889 3198; x_wconf 84' lang='lat' dir='ltr'><strong>Romam:</strong></span> <span class='ocrx_word' id='word_1_367' title='bbox 1930 3157 2129 3197; x_wconf 87' lang='lat' dir='ltr'><strong>annon</strong></span> <span class='ocrx_word' id='word_1_368' title='bbox 2169 3136 2461 3197; x_wconf 81' lang='lat' dir='ltr'><strong>ridiculus·</strong></span> 
     </span>
     <span class='ocr_line' id='line_1_39' title="bbox 185 3212 2449 3295; baseline -0.002 -18"><span class='ocrx_word' id='word_1_369' title='bbox 185 3216 303 3277; x_wconf 88' lang='lat' dir='ltr'><strong>erit</strong></span> <span class='ocrx_word' id='word_1_370' title='bbox 321 3214 446 3294; x_wconf 70' lang='lat' dir='ltr'><strong>qui</strong></span> <span class='ocrx_word' id='word_1_371' title='bbox 484 3233 548 3275; x_wconf 88' lang='lat' dir='ltr'><strong>se</strong></span> <span class='ocrx_word' id='word_1_372' title='bbox 586 3214 824 3274; x_wconf 83' lang='lat' dir='ltr'><strong>vocabit</strong></span> <span class='ocrx_word' id='word_1_373' title='bbox 858 3214 1186 3275; x_wconf 83' lang='lat' dir='ltr'><strong>Romanum</strong></span> <span class='ocrx_word' id='word_1_374' title='bbox 1230 3212 1391 3275; x_wconf 83' lang='lat' dir='ltr'><strong>Cous</strong></span> <span class='ocrx_word' id='word_1_375' title='bbox 1460 3214 1589 3274; x_wconf 82' lang='lat' dir='ltr'><strong>emi’</strong></span> <span class='ocrx_word' id='word_1_376' title='bbox 1628 3214 1763 3275; x_wconf 83' lang='lat' dir='ltr'><strong>Hoc</strong></span> <span class='ocrx_word' id='word_1_377' title='bbox 1804 3212 1961 3273; x_wconf 88' lang='lat' dir='ltr'><strong>enim</strong></span> <span class='ocrx_word' id='word_1_378' title='bbox 2001 3213 2177 3295; x_wconf 83' lang='lat' dir='ltr'><strong>exigit</strong></span> <span class='ocrx_word' id='word_1_379' title='bbox 2214 3212 2449 3288; x_wconf 83' lang='lat' dir='ltr'><strong>relatio,</strong></span> 
     </span>
     <span class='ocr_line' id='line_1_40' title="bbox 185 3288 2449 3371; baseline -0.001 -18"><span class='ocrx_word' id='word_1_380' title='bbox 185 3304 256 3353; x_wconf 85' lang='lat' dir='ltr'><strong>ut</strong></span> <span class='ocrx_word' id='word_1_381' title='bbox 304 3290 572 3351; x_wconf 89' lang='lat' dir='ltr'><strong>membra</strong></span> <span class='ocrx_word' id='word_1_382' title='bbox 617 3290 776 3350; x_wconf 88' lang='lat' dir='ltr'><strong>inter</strong></span> <span class='ocrx_word' id='word_1_383' title='bbox 812 3311 874 3351; x_wconf 90' lang='lat' dir='ltr'><strong>se</strong></span> <span class='ocrx_word' id='word_1_384' title='bbox 921 3291 1336 3371; x_wconf 76' lang='lat' dir='ltr'><strong>respondeant.</strong></span> <span class='ocrx_word' id='word_1_385' title='bbox 1423 3288 1555 3349; x_wconf 76' lang='lat' dir='ltr'><strong>Alia</strong></span> <span class='ocrx_word' id='word_1_386' title='bbox 1605 3290 1775 3351; x_wconf 88' lang='lat' dir='ltr'><strong>etiam</strong></span> <span class='ocrx_word' id='word_1_387' title='bbox 1826 3290 1973 3350; x_wconf 85' lang='lat' dir='ltr'><strong>ratio</strong></span> <span class='ocrx_word' id='word_1_388' title='bbox 2024 3288 2449 3351; x_wconf 83' lang='lat' dir='ltr'><strong>consideranda</strong></span> 
     </span>
     <span class='ocr_line' id='line_1_41' title="bbox 185 3364 2451 3461; baseline -0 -34"><span class='ocrx_word' id='word_1_389' title='bbox 185 3380 302 3445; x_wconf 83' lang='lat' dir='ltr'><strong>est,</strong></span> <span class='ocrx_word' id='word_1_390' title='bbox 343 3367 506 3461; x_wconf 78' lang='lat' dir='ltr'><strong>quod</strong></span> <span class='ocrx_word' id='word_1_391' title='bbox 545 3388 722 3446; x_wconf 88' lang='lat' dir='ltr'><strong>quum</strong></span> <span class='ocrx_word' id='word_1_392' title='bbox 762 3366 924 3428; x_wconf 86' lang='lat' dir='ltr'><strong>Deus</strong></span> <span class='ocrx_word' id='word_1_393' title='bbox 961 3368 1136 3429; x_wconf 82' lang='lat' dir='ltr'><strong>vitam</strong></span> <span class='ocrx_word' id='word_1_394' title='bbox 1173 3379 1236 3427; x_wconf 89' lang='lat' dir='ltr'><strong>et</strong></span> <span class='ocrx_word' id='word_1_395' title='bbox 1269 3378 1523 3428; x_wconf 88' lang='lat' dir='ltr'><strong>mortem</strong></span> <span class='ocrx_word' id='word_1_396' title='bbox 1561 3366 1625 3432; x_wconf 80' lang='lat' dir='ltr'><strong>in</strong></span> <span class='ocrx_word' id='word_1_397' title='bbox 1662 3386 1838 3427; x_wconf 88' lang='lat' dir='ltr'><strong>manu</strong></span> <span class='ocrx_word' id='word_1_398' title='bbox 1874 3364 2087 3427; x_wconf 84' lang='lat' dir='ltr'><strong>babeat</strong></span> <span class='ocrx_word' id='word_1_399' title='bbox 2101 3365 2312 3448; x_wconf 89' lang='lat' dir='ltr'><strong>procul</strong></span> <span class='ocrx_word' id='word_1_400' title='bbox 2338 3366 2451 3427; x_wconf 90' lang='lat' dir='ltr'><strong>du·-</strong></span> 
     </span>
     <span class='ocr_line' id='line_1_42' title="bbox 184 3442 2451 3523; baseline -0 -17"><span class='ocrx_word' id='word_1_401' title='bbox 184 3445 292 3507; x_wconf 84' lang='lat' dir='ltr'><strong>bio</strong></span> <span class='ocrx_word' id='word_1_402' title='bbox 333 3464 496 3505; x_wconf 74' lang='lat' dir='ltr'><strong>vivos</strong></span> <span class='ocrx_word' id='word_1_403' title='bbox 533 3455 744 3517; x_wconf 79' lang='lat' dir='ltr'><strong>servat,</strong></span> <span class='ocrx_word' id='word_1_404' title='bbox 783 3444 991 3523; x_wconf 83' lang='lat' dir='ltr'><strong>quib‘us</strong></span> <span class='ocrx_word' id='word_1_405' title='bbox 1028 3443 1156 3505; x_wconf 82' lang='lat' dir='ltr'><strong>vult</strong></span> <span class='ocrx_word' id='word_1_406' title='bbox 1191 3463 1316 3505; x_wconf 88' lang='lat' dir='ltr'><strong>esse</strong></span> <span class='ocrx_word' id='word_1_407' title='bbox 1355 3443 1417 3502; x_wconf 87' lang='lat' dir='ltr'><strong>in</strong></span> <span class='ocrx_word' id='word_1_408' title='bbox 1459 3454 1685 3523; x_wconf 85' lang='lat' dir='ltr'><strong>patrem</strong></span> <span class='ocrx_word' id='word_1_409' title='bbox 1736 3454 1796 3502; x_wconf 88' lang='lat' dir='ltr'><strong>et</strong></span> <span class='ocrx_word' id='word_1_410' title='bbox 1846 3464 1994 3523; x_wconf 81' lang='lat' dir='ltr'><strong>quos</strong></span> <span class='ocrx_word' id='word_1_411' title='bbox 2039 3445 2102 3501; x_wconf 89' lang='lat' dir='ltr'><strong>in</strong></span> <span class='ocrx_word' id='word_1_412' title='bbox 2147 3442 2276 3504; x_wconf 80' lang='lat' dir='ltr'><strong>filiis</strong></span> <span class='ocrx_word' id='word_1_413' title='bbox 2332 3444 2451 3505; x_wconf 72' lang='lat' dir='ltr'><strong>suls</strong></span> 
     </span>
     <span class='ocr_line' id='line_1_43' title="bbox 185 3519 2453 3602; baseline -0.002 -18"><span class='ocrx_word' id='word_1_414' title='bbox 185 3534 412 3584; x_wconf 85' lang='lat' dir='ltr'><strong>censet.</strong></span> <span class='ocrx_word' id='word_1_415' title='bbox 485 3520 650 3602; x_wconf 83' lang='lat' dir='ltr'><strong>Ergo</strong></span> <span class='ocrx_word' id='word_1_416' title='bbox 689 3519 1016 3594; x_wconf 77' lang='lat' dir='ltr'><strong>Abrabam,</strong></span> <span class='ocrx_word' id='word_1_417' title='bbox 1055 3520 1222 3583; x_wconf 85' lang='lat' dir='ltr'><strong>Isaac</strong></span> <span class='ocrx_word' id='word_1_418' title='bbox 1261 3531 1322 3581; x_wconf 88' lang='lat' dir='ltr'><strong>et</strong></span> <span class='ocrx_word' id='word_1_419' title='bbox 1357 3519 1575 3595; x_wconf 89' lang='lat' dir='ltr'><strong>Iacob,</strong></span> <span class='ocrx_word' id='word_1_420' title='bbox 1615 3522 1873 3600; x_wconf 81' lang='lat' dir='ltr'><strong>quamvis</strong></span> <span class='ocrx_word' id='word_1_421' title='bbox 1924 3538 2097 3581; x_wconf 86' lang='lat' dir='ltr'><strong>earne</strong></span> <span class='ocrx_word' id='word_1_422' title='bbox 2145 3520 2453 3601; x_wconf 84' lang='lat' dir='ltr'><strong>perierint,</strong></span> 
     </span>
     <span class='ocr_line' id='line_1_44' title="bbox 184 3596 1311 3681; baseline -0.003 -22"><span class='ocrx_word' id='word_1_423' title='bbox 184 3598 400 3681; x_wconf 80' lang='lat' dir='ltr'><strong>spiritu</strong></span> <span class='ocrx_word' id='word_1_424' title='bbox 439 3608 630 3657; x_wconf 83' lang='lat' dir='ltr'><strong>tamen</strong></span> <span class='ocrx_word' id='word_1_425' title='bbox 671 3596 826 3676; x_wconf 89' lang='lat' dir='ltr'><strong>apud</strong></span> <span class='ocrx_word' id='word_1_426' title='bbox 863 3598 1057 3657; x_wconf 88' lang='lat' dir='ltr'><strong>Deum</strong></span> <span class='ocrx_word' id='word_1_427' title='bbox 1095 3597 1311 3657; x_wconf 84' lang='lat' dir='ltr'><strong>vivunt.</strong></span> 
     </span>
    </p>
   </div>
   <div class='ocr_carea' id='block_1_5' title="bbox 351 3670 2549 3754">
    <p class='ocr_par' dir='ltr' id='par_1_8' title="bbox 351 3670 2549 3754">
     <span class='ocr_line' id='line_1_45' title="bbox 351 3670 2549 3754; baseline 0 -21"><span class='ocrx_word' id='word_1_428' title='bbox 351 3674 566 3754; x_wconf 71' lang='lat' dir='ltr'><strong>Tremo</strong></span> <span class='ocrx_word' id='word_1_429' title='bbox 601 3675 764 3733; x_wconf 64' lang='lat' dir='ltr'><strong>iectus</strong></span> <span class='ocrx_word' id='word_1_430' title='bbox 797 3688 986 3733; x_wconf 72' lang='lat' dir='ltr'><strong>cautem</strong></span> <span class='ocrx_word' id='word_1_431' title='bbox 1018 3672 1244 3733; x_wconf 24' lang='lat' dir='ltr'><strong>&gt;Mosen</strong></span> <span class='ocrx_word' id='word_1_432' title='bbox 1305 3672 1515 3734; x_wconf 83' lang='lat' dir='ltr'><strong>Posset</strong></span> <span class='ocrx_word' id='word_1_433' title='bbox 1550 3670 1666 3733; x_wconf 89' lang='lat' dir='ltr'><strong>boc</strong></span> <span class='ocrx_word' id='word_1_434' title='bbox 1702 3670 1887 3733; x_wconf 82' lang='lat' dir='ltr'><strong>videri</strong></span> <span class='ocrx_word' id='word_1_435' title='bbox 1913 3670 2246 3747; x_wconf 85' lang='lat' dir='ltr'><strong>absurdum,</strong></span> <span class='ocrx_word' id='word_1_436' title='bbox 2287 3670 2451 3753; x_wconf 81' lang='lat' dir='ltr'><strong>quod</strong></span> <span class='ocrx_word' id='word_1_437' title='bbox 2542 3672 2549 3683; x_wconf 84' lang='lat'><em>&#39;</em></span> 
     </span>
    </p>
   </div>
   <div class='ocr_carea' id='block_1_6' title="bbox 183 3748 2454 4441">
    <p class='ocr_par' dir='ltr' id='par_1_9' title="bbox 183 3748 2454 4441">
     <span class='ocr_line' id='line_1_46' title="bbox 185 3748 2451 3831; baseline -0.001 -18"><span class='ocrx_word' id='word_1_438' title='bbox 185 3772 302 3813; x_wconf 78' lang='lat' dir='ltr'><strong>vox</strong></span> <span class='ocrx_word' id='word_1_439' title='bbox 350 3771 536 3811; x_wconf 86' lang='lat' dir='ltr'><strong>conso</strong></span> <span class='ocrx_word' id='word_1_440' title='bbox 563 3749 772 3809; x_wconf 86' lang='lat' dir='ltr'><strong>ationis</strong></span> <span class='ocrx_word' id='word_1_441' title='bbox 821 3750 992 3831; x_wconf 88' lang='lat' dir='ltr'><strong>plena</strong></span> <span class='ocrx_word' id='word_1_442' title='bbox 1031 3750 1511 3810; x_wconf 86' lang='lat' dir='ltr'><strong>Mosen-terreat</strong></span> <span class='ocrx_word' id='word_1_443' title='bbox 1544 3749 1739 3829; x_wconf 84' lang='lat' dir='ltr'><strong>potius</strong></span> <span class='ocrx_word' id='word_1_444' title='bbox 1781 3769 1952 3828; x_wconf 89' lang='lat' dir='ltr'><strong>quam</strong></span> <span class='ocrx_word' id='word_1_445' title='bbox 1992 3748 2295 3810; x_wconf 83' lang='lat' dir='ltr'><strong>exhilaret:</strong></span> <span class='ocrx_word' id='word_1_446' title='bbox 2345 3748 2451 3810; x_wconf 89' lang='lat' dir='ltr'><strong>sed</strong></span> 
     </span>
     <span class='ocr_line' id='line_1_47' title="bbox 185 3824 2449 3906; baseline -0.003 -17"><span class='ocrx_word' id='word_1_447' title='bbox 185 3826 340 3889; x_wconf 89' lang='lat' dir='ltr'><strong>utile</strong></span> <span class='ocrx_word' id='word_1_448' title='bbox 383 3827 492 3888; x_wconf 78' lang='lat' dir='ltr'><strong>fuit</strong></span> <span class='ocrx_word' id='word_1_449' title='bbox 511 3828 722 3887; x_wconf 86' lang='lat' dir='ltr'><strong>Mosen</strong></span> <span class='ocrx_word' id='word_1_450' title='bbox 761 3828 842 3887; x_wconf 89' lang='lat' dir='ltr'><strong>sic</strong></span> <span class='ocrx_word' id='word_1_451' title='bbox 881 3828 1089 3887; x_wconf 86' lang='lat' dir='ltr'><strong>terreri</strong></span> <span class='ocrx_word' id='word_1_452' title='bbox 1114 3826 1228 3885; x_wconf 90' lang='lat' dir='ltr'><strong>Dei</strong></span> <span class='ocrx_word' id='word_1_453' title='bbox 1248 3826 1594 3906; x_wconf 86' lang='lat' dir='ltr'><strong>praesentia,</strong></span> <span class='ocrx_word' id='word_1_454' title='bbox 1634 3847 1752 3905; x_wconf 91' lang='lat' dir='ltr'><strong>quo</strong></span> <span class='ocrx_word' id='word_1_455' title='bbox 1774 3846 1835 3885; x_wconf 91' lang='lat' dir='ltr'><strong>se</strong></span> <span class='ocrx_word' id='word_1_456' title='bbox 1863 3824 1935 3885; x_wconf 85' lang='lat' dir='ltr'><strong>ad</strong></span> <span class='ocrx_word' id='word_1_457' title='bbox 1972 3826 2252 3886; x_wconf 87' lang='lat' dir='ltr'><strong>maiorem</strong></span> <span class='ocrx_word' id='word_1_458' title='bbox 2278 3844 2449 3885; x_wconf 82' lang='lat' dir='ltr'><strong>reve·</strong></span> 
     </span>
     <span class='ocr_line' id='line_1_48' title="bbox 185 3898 2450 3982; baseline -0.004 -16"><span class='ocrx_word' id='word_1_459' title='bbox 185 3905 444 3966; x_wconf 86' lang='lat' dir='ltr'><strong>rentiam</strong></span> <span class='ocrx_word' id='word_1_460' title='bbox 483 3916 888 3982; x_wconf 88' lang='lat' dir='ltr'><strong>componeret.</strong></span> <span class='ocrx_word' id='word_1_461' title='bbox 945 3904 1073 3964; x_wconf 82' lang='lat' dir='ltr'><strong>Nec</strong></span> <span class='ocrx_word' id='word_1_462' title='bbox 1110 3923 1252 3963; x_wconf 80' lang='lat' dir='ltr'><strong>vero</strong></span> <span class='ocrx_word' id='word_1_463' title='bbox 1293 3901 1419 3962; x_wconf 85' lang='lat' dir='ltr'><strong>sola</strong></span> <span class='ocrx_word' id='word_1_464' title='bbox 1458 3922 1570 3963; x_wconf 79' lang='lat' dir='ltr'><strong>vox</strong></span> <span class='ocrx_word' id='word_1_465' title='bbox 1604 3900 1721 3961; x_wconf 92' lang='lat' dir='ltr'><strong>Dei</strong></span> <span class='ocrx_word' id='word_1_466' title='bbox 1762 3904 1882 3963; x_wconf 89' lang='lat' dir='ltr'><strong>eius</strong></span> <span class='ocrx_word' id='word_1_467' title='bbox 1923 3903 2177 3963; x_wconf 84' lang='lat' dir='ltr'><strong>animum</strong></span> <span class='ocrx_word' id='word_1_468' title='bbox 2218 3898 2450 3981; x_wconf 88' lang='lat' dir='ltr'><strong>percel-</strong></span> 
     </span>
     <span class='ocr_line' id='line_1_49' title="bbox 189 3976 2453 4060; baseline -0.003 -19"><span class='ocrx_word' id='word_1_469' title='bbox 189 3980 283 4055; x_wconf 86' lang='lat' dir='ltr'><strong>lit,</strong></span> <span class='ocrx_word' id='word_1_470' title='bbox 321 3981 426 4040; x_wconf 89' lang='lat' dir='ltr'><strong>sed</strong></span> <span class='ocrx_word' id='word_1_471' title='bbox 447 3980 630 4060; x_wconf 76' lang='lat' dir='ltr'><strong>ipsius</strong></span> <span class='ocrx_word' id='word_1_472' title='bbox 654 3980 920 4040; x_wconf 87' lang='lat' dir='ltr'><strong>maiestas</strong></span> <span class='ocrx_word' id='word_1_473' title='bbox 959 3980 1118 4040; x_wconf 85' lang='lat' dir='ltr'><strong>cuius</strong></span> <span class='ocrx_word' id='word_1_474' title='bbox 1159 3980 1387 4059; x_wconf 84' lang='lat' dir='ltr'><strong>signum</strong></span> <span class='ocrx_word' id='word_1_475' title='bbox 1431 3978 1493 4037; x_wconf 88' lang='lat' dir='ltr'><strong>in</strong></span> <span class='ocrx_word' id='word_1_476' title='bbox 1534 3978 1685 4039; x_wconf 88' lang='lat' dir='ltr'><strong>rubo</strong></span> <span class='ocrx_word' id='word_1_477' title='bbox 1728 3980 1955 4038; x_wconf 86' lang='lat' dir='ltr'><strong>ardenti</strong></span> <span class='ocrx_word' id='word_1_478' title='bbox 1996 3976 2291 4038; x_wconf 87' lang='lat' dir='ltr'><strong>cernebat.</strong></span> <span class='ocrx_word' id='word_1_479' title='bbox 2366 3976 2453 4035; x_wconf 79' lang='lat' dir='ltr'><strong>Et</strong></span> 
     </span>
     <span class='ocr_line' id='line_1_50' title="bbox 185 4052 2448 4139; baseline -0.004 -20"><span class='ocrx_word' id='word_1_480' title='bbox 185 4058 334 4139; x_wconf 83' lang='lat' dir='ltr'><strong>quid</strong></span> <span class='ocrx_word' id='word_1_481' title='bbox 373 4058 590 4117; x_wconf 88' lang='lat' dir='ltr'><strong>mirum</strong></span> <span class='ocrx_word' id='word_1_482' title='bbox 627 4056 675 4117; x_wconf 87' lang='lat' dir='ltr'><strong>si</strong></span> <span class='ocrx_word' id='word_1_483' title='bbox 713 4056 894 4117; x_wconf 84' lang='lat' dir='ltr'><strong>homo</strong></span> <span class='ocrx_word' id='word_1_484' title='bbox 935 4058 1006 4117; x_wconf 91' lang='lat' dir='ltr'><strong>ad</strong></span> <span class='ocrx_word' id='word_1_485' title='bbox 1045 4056 1160 4117; x_wconf 90' lang='lat' dir='ltr'><strong>Dei</strong></span> <span class='ocrx_word' id='word_1_486' title='bbox 1200 4066 1581 4136; x_wconf 86' lang='lat' dir='ltr'><strong>conspectum</strong></span> <span class='ocrx_word' id='word_1_487' title='bbox 1618 4055 1867 4135; x_wconf 83' lang='lat' dir='ltr'><strong>tremat?</strong></span> <span class='ocrx_word' id='word_1_488' title='bbox 1914 4052 2263 4115; x_wconf 86' lang='lat' dir='ltr'><strong>Praesertim</strong></span> <span class='ocrx_word' id='word_1_489' title='bbox 2302 4070 2448 4111; x_wconf 80' lang='lat' dir='ltr'><strong>vero</strong></span> 
     </span>
     <span class='ocr_line' id='line_1_51' title="bbox 183 4128 2452 4218; baseline -0.004 -23"><span class='ocrx_word' id='word_1_490' title='bbox 183 4134 664 4205; x_wconf 85' lang='lat' dir='ltr'><strong>meminerimus,</strong></span> <span class='ocrx_word' id='word_1_491' title='bbox 705 4131 820 4193; x_wconf 87' lang='lat' dir='ltr'><strong>hoc</strong></span> <span class='ocrx_word' id='word_1_492' title='bbox 869 4133 1048 4195; x_wconf 89' lang='lat' dir='ltr'><strong>modo</strong></span> <span class='ocrx_word' id='word_1_493' title='bbox 1089 4132 1310 4203; x_wconf 79' lang='lat' dir='ltr'><strong>animos</strong></span> <span class='ocrx_word' id='word_1_494' title='bbox 1359 4132 1433 4191; x_wconf 88' lang='lat' dir='ltr'><strong>ad</strong></span> <span class='ocrx_word' id='word_1_495' title='bbox 1470 4136 1745 4193; x_wconf 89' lang='lat' dir='ltr'><strong>timorem</strong></span> <span class='ocrx_word' id='word_1_496' title='bbox 1800 4144 1860 4191; x_wconf 87' lang='lat' dir='ltr'><strong>et</strong></span> <span class='ocrx_word' id='word_1_497' title='bbox 1906 4128 2293 4193; x_wconf 79' lang='lat' dir='ltr'><strong>reverentiam</strong></span> <span class='ocrx_word' id='word_1_498' title='bbox 2342 4149 2452 4218; x_wconf 46' lang='lat' dir='ltr'><strong>paq</strong></span> 
     </span>
     <span class='ocr_line' id='line_1_52' title="bbox 187 4204 2453 4290; baseline -0.003 -19"><span class='ocrx_word' id='word_1_499' title='bbox 187 4213 327 4287; x_wconf 86' lang='lat' dir='ltr'><strong>rari,</strong></span> <span class='ocrx_word' id='word_1_500' title='bbox 369 4208 860 4290; x_wconf 86' lang='lat' dir='ltr'><strong>quemadmodum</strong></span> <span class='ocrx_word' id='word_1_501' title='bbox 897 4210 1080 4269; x_wconf 85' lang='lat' dir='ltr'><strong>Exod.</strong></span> <span class='ocrx_word' id='word_1_502' title='bbox 1117 4216 1226 4283; x_wconf 80' lang='grc'><strong>20,</strong></span> <span class='ocrx_word' id='word_1_503' title='bbox 1261 4212 1356 4272; x_wconf 81' lang='grc'><strong>22.</strong></span> <span class='ocrx_word' id='word_1_504' title='bbox 1405 4206 1678 4267; x_wconf 86' lang='lat' dir='ltr'><strong>habetur:</strong></span> <span class='ocrx_word' id='word_1_505' title='bbox 1742 4208 1951 4271; x_wconf 76' lang='lat' dir='ltr'><strong>Vidisti</strong></span> <span class='ocrx_word' id='word_1_506' title='bbox 2004 4206 2187 4287; x_wconf 84' lang='lat' dir='ltr'><strong>signa,</strong></span> <span class='ocrx_word' id='word_1_507' title='bbox 2235 4204 2453 4265; x_wconf 75' lang='lat' dir='ltr'><strong>audisti</strong></span> 
     </span>
     <span class='ocr_line' id='line_1_53' title="bbox 191 4279 2452 4361; baseline -0.003 -14"><span class='ocrx_word' id='word_1_508' title='bbox 191 4289 374 4351; x_wconf 82' lang='lat' dir='ltr'><strong>tubae</strong></span> <span class='ocrx_word' id='word_1_509' title='bbox 404 4288 696 4359; x_wconf 76' lang='lat' dir='ltr'><strong>sonitum,</strong></span> <span class='ocrx_word' id='word_1_510' title='bbox 733 4296 798 4343; x_wconf 87' lang='lat' dir='ltr'><strong>ut</strong></span> <span class='ocrx_word' id='word_1_511' title='bbox 836 4285 1018 4347; x_wconf 84' lang='lat' dir='ltr'><strong>discas</strong></span> <span class='ocrx_word' id='word_1_512' title='bbox 1056 4286 1248 4345; x_wconf 86' lang='lat' dir='ltr'><strong>Deum</strong></span> <span class='ocrx_word' id='word_1_513' title='bbox 1285 4286 1515 4344; x_wconf 88' lang='lat' dir='ltr'><strong>timere.</strong></span> <span class='ocrx_word' id='word_1_514' title='bbox 1595 4282 1714 4344; x_wconf 91' lang='lat' dir='ltr'><strong>Sed</strong></span> <span class='ocrx_word' id='word_1_515' title='bbox 1766 4283 2013 4361; x_wconf 83' lang='lat' dir='ltr'><strong>excipiet</strong></span> <span class='ocrx_word' id='word_1_516' title='bbox 2060 4279 2295 4359; x_wconf 81' lang='lat' dir='ltr'><strong>aliquis:</strong></span> <span class='ocrx_word' id='word_1_517' title='bbox 2346 4302 2452 4343; x_wconf 89' lang='lat' dir='ltr'><strong>cur</strong></span> 
     </span>
     <span class='ocr_line' id='line_1_54' title="bbox 195 4357 2454 4441; baseline -0.002 -16"><span class='ocrx_word' id='word_1_518' title='bbox 195 4386 360 4429; x_wconf 85' lang='lat' dir='ltr'><strong>nunc</strong></span> <span class='ocrx_word' id='word_1_519' title='bbox 391 4362 602 4441; x_wconf 76' lang='lat' dir='ltr'><strong>Moses</strong></span> <span class='ocrx_word' id='word_1_520' title='bbox 637 4362 1012 4429; x_wconf 80' lang='lat' dir='ltr'><strong>tremefactus</strong></span> <span class='ocrx_word' id='word_1_521' title='bbox 1049 4362 1423 4427; x_wconf 81' lang='lat' dir='ltr'><strong>considerare</strong></span> <span class='ocrx_word' id='word_1_522' title='bbox 1460 4380 1585 4423; x_wconf 87' lang='lat' dir='ltr'><strong>non</strong></span> <span class='ocrx_word' id='word_1_523' title='bbox 1622 4359 1819 4437; x_wconf 86' lang='lat' dir='ltr'><strong>audet,</strong></span> <span class='ocrx_word' id='word_1_524' title='bbox 1860 4357 1961 4437; x_wconf 89' lang='lat' dir='ltr'><strong>qui</strong></span> <span class='ocrx_word' id='word_1_525' title='bbox 1984 4358 2144 4435; x_wconf 83' lang='lat' dir='ltr'><strong>prius</strong></span> <span class='ocrx_word' id='word_1_526' title='bbox 2171 4358 2454 4437; x_wconf 64' lang='lat' dir='ltr'><strong>accedere</strong></span> 
     </span>
    </p>
   </div>
  </div>
 </body>
</html>
