2788 4713
1169 170 1597 238 CAPUTm,
2436 186 2517 279 ⁵3.

231 316 292 382 ⁵.
333 312 468 381 ulo
511 309 727 381 autem
764 312 1038 384 attendit
1075 316 1159 385 ad
1203 340 1352 401 eos,
1398 328 1641 405 ,putans
1680 340 1753 389 se
1796 319 1881 387 ab
1915 322 2073 410 ipsis
2116 320 2363 414 aliquid
2406 348 2511 393 ac-
2606 314 2613 321 ’

232 428 600 505 ceptorum.
681 418 740 483 6.
780 417 1012 487 Petrus
1047 440 1210 485 vero
1253 418 1443 487 dixit:
1482 420 1833 515 Argentum
1877 434 1942 488 et
1975 446 2196 493 aurum
2238 448 2373 495 non
2412 439 2510 495 est

233 516 426 583 mihi:
466 513 586 582 sed
629 516 808 605 quod
851 517 1094 600 habeo,
1132 519 1264 587 boc
1301 518 1426 587 tibi
1469 519 1595 588 do:
1642 522 1719 589 In
1766 524 2030 590 nomine
2068 527 2221 593 Iesu
2260 528 2508 598 Christi

235 622 603 698 Nazareni,
659 640 854 707 surge
915 632 981 687 et
1043 619 1318 688 ambula.
1422 623 1483 687 7.
1555 621 1642 687 Et
1686 624 2087 710 apprehensa
2126 650 2321 695 manu
2364 632 2505 696 eius

244 721 524 801 dextera,
565 723 770 787 erexit
810 741 990 787 eum:
1031 731 1097 786 et
1135 724 1448 789 continuo
1490 721 1820 788 stabilitae
1873 734 2025 791 sunt
2065 729 2205 793 cius
2243 728 2505 815 plantae

247 828 320 887 et
357 842 572 887 crura=
654 820 715 886 8.
767 811 869 887 Et'
909 818 1208 889 exsiliens
1252 824 1459 901 stetit,
1515 832 1582 891 et
1636 822 2016 905 ambulavit,
2070 834 2135 893 et
2184 828 2529 919 ingressus·

250 932 354 988 est
403 944 544 989 cum
590 923 752 1009 ipsis
791 924 862 987 in
901 921 1245 1010 templum,
1317 921 1657 991 ambulans
1699 934 1765 991 et
1803 923 2075 1006 saliens,
2126 938 2195 993 et
2232 926 2508 1006 laudans

243 1021 476 1087 Deum.
549 1024 616 1089 9.
657 1022 746 1089 Et
784 1020 950 1088 vidit
991 1023 1278 1111 populus
1304 1022 1754 1108 ambulantem,
1792 1038 1861 1095 et
1878 1026 2253 1095 laudantem
2271 1028 2513 1096 Deum.-

241 1124 340 1191 10.
381 1124 724 1191 Noverant
765 1134 977 1191 autem
1018 1146 1184 1209 eum,
1227 1124 1409 1215 quod
1457 1128 1513 1192 is
1545 1136 1716 1194 esset
1766 1131 1879 1217 qui
1931 1128 2163 1197 solitus
2234 1139 2372 1194 erat
2410 1150 2513 1195 se-

237 1223 398 1291 dere
453 1222 541 1291 ad
595 1223 1082 1311 eleemosynam
1140 1229 1312 1293 iuxta
1368 1226 1741 1313 Speciosam
1789 1240 2041 1319 portam
2095 1229 2341 1316 templi.
2420 1229 2508 1305 Et

231 1324 490 1413 impleti
531 1336 684 1393 sunt
727 1326 1153 1393 admiratione
1198 1336 1264 1393 et
1299 1333 1568 1415 stupore
1609 1352 1809 1418 super
1850 1351 1932 1398 eo
1976 1330 2158 1417 quod
2196 1330 2298 1396 illi
2341 1331 2508 1395 acci-

223 1422 442 1492 derat.
529 1428 633 1493 11.
672 1428 902 1507 Porro,
943 1449 1140 1516 quum
1179 1436 1439 1493 teneret
1482 1428 1770 1510 claudus,
1812 1420 1939 1519 qui
1961 1442 2224 1497 sanatus
2276 1430 2505 1509 fuerat,

231 1526 502 1593 Petrum
545 1539 613 1596 et
649 1530 978 1610 Ioannem,
1020 1530 1302 1597 cucurrit
1341 1528 1427 1596 ad
1470 1540 1803 1597 costatus
1845 1530 2146 1620 populus¹
2181 1533 2251 1599 in
2302 1532 2505 1619 porti-

233 1650 403 1709 cum,
442 1650 616 1717 quae
658 1629 898 1697 dicitur
938 1628 1328 1710 Solomonia,
1369 1628 1873 1719 obstupefactus.

391 1766 452 1827 1.
525 1760 698 1823 Prius
735 1746 983 1825 vidimus
1021 1760 1204 1823 multa
1249 1762 1417 1845 sigua
1467 1784 1579 1844 per
1624 1785 1831 1827 manus
1873 1762 2303 1846 Apostolorum
2352 1763 2507 1830 edita

233 1835 454 1913 fuisse,
501 1856 666 1899 nunc
698 1858 809 1901 suo
847 1858 1015 1899 more
1053 1838 1240 1899 Lucas
1279 1860 1461 1900 unum
1500 1859 1569 1903 ex
1605 1841 1801 1903 multis
1842 1841 2087 1921 exempli
2128 1861 2296 1903 causa
2350 1842 2505 1903 reci-

231 1925 350 1974 tat:
417 1932 635 1996 nempe
693 1914 854 1995 quod
913 1914 1185 1992 claudus,
1247 1914 1349 1995 qui
1414 1914 1489 1979 ab
1537 1928 1711 1979 utero
1760 1919 1959 1981 matris
2007 1930 2209 2011 captus
2256 1916 2506 1997 pedibus

231 1989 461 2067 suerat,
496 1992 733 2073 plenam
779 1990 1084 2053 sanitatem
1134 2010 1270 2053 rece
1319 1992 1447 2055 erit.
1536 1992 1759 2071 Sedulo
1808 2006 2005 2059 autem
2052 1994 2507 2057 circumstantias

233 2088 448 2129 omnes
487 2066 722 2150 colligit
759 2089 908 2149 quae
949 2068 1020 2128 ad
1059 2068 1278 2131 miracu
1303 2092 1401 2131 um
1440 2068 1843 2133 illustrandum
1926 2071 2203 2133 ertinent.
2265 2070 2333 2131 Si
2360 2070 2507 2131 suis-

235 2156 332 2204 set
370 2143 588 2207 laxatio
639 2143 832 2225 aliqua
883 2166 1118 2206 crurum
1157 2143 1250 2207 vel
1287 2146 1533 2208 morbus
1570 2148 1869 2210 accidenta
1894 2172 1969 2225 is,
2009 2148 2242 2211 facilior
2279 2148 2505 2209 curatio

231 2220 465 2281 suisset.
539 2224 802 2283 Naturae
839 2233 1034 2282 autem
1070 2222 1274 2284 vitium
1311 2244 1435 2282 non
1474 2224 1553 2284 ita
1590 2224 1763 2284 facile
1786 2225 2005 2307 corrigi
2028 2224 2239 2306 potuit.
2363 2242 2505 2283 uum

235 2296 388 2358 dicit
437 2298 617 2360 fuisse
653 2312 986 2375 pontana,
1033 2318 1104 2360 ex
1140 2318 1215 2360 eo
1255 2298 1583 2382 colligimus
1640 2321 1769 2362 non
1816 2300 2012 2366 levem
2057 2300 2235 2366 fuisse
2283 2319 2314 2361 c
2340 2298 2506 2358 audi-

237 2373 560 2454 catonem,
595 2376 699 2437 sed
739 2375 896 2437 hunc
917 2376 1216 2438 hominem
1240 2377 1485 2440 iacuisse
1509 2377 1671 2456 quasi
1694 2379 1941 2439 mortuis
1963 2376 2247 2440 cruribus.
2300 2373 2506 2450 Quum

237 2447 455 2512 solitus
491 2463 641 2514 esset
677 2453 942 2532 quotidie
978 2451 1409 2534 eleemosynam
1446 2465 1674 2534 petere,
1710 2451 1849 2515 hinc
1885 2455 2001 2515 toti
2037 2449 2263 2534 populo
2303 2450 2508 2512 notior

239 2545 378 2664 edm
415 2529 623 2666 potuit!-
703 2529 889 2621 Quod
928 2528 1486 2666 litii-asprecationilst
1506 2529 1569 2590 in
1605 2529 1838 2666 tenliplto
1869 2551 2043 2667 effus
2068 2527 2348 2664 mizula,
2379 2525 2507 2664 111133

235 2606 714 2820 ῗφειτῖνειυιιιιεῖἷζάιῖἰῗ
739 2626 1316 2820 (ἱῗζῗιξὲιιιὼίἰέιίἒιι
1326 2625 1789 2762 :nguffsggig
1820 2682 1883 2745 in
1920 2625 2377 2766 pgdesqzrgctus
2423 2678 2505 2742 si-

233 2779 342 2818 mu
393 2771 595 2896 §ism-t}
611 2771 1307 2912 ⁴eet-{oeiniii:detuli-amQttiuirti
1332 2833 1619 2917 particula
1652 2837 1749 2896 ἐπὶ
1780 2833 1843 2893 τὸ
1878 2831 2013 2893 αὐτὸ
2066 2855 2191 2897 non
2211 2832 2393 2929 magis
2418 2831 2503 2896 lo-
2532 2829 2547 2841 ⁹

233 2923 1092 3052 fflffffissismpiidssir‘e‘f‘
1126 2911 1489 3051 'ii-³522&
1562 2913 1822 3052 3{‘²1?}‚⁰1f
1848 2911 2335 3054 ffifflffi
2356 2932 2508 3049 333·

229 3067 454 3144 menti,
488 3067 553 3128 in
591 3012 791 3128 medig
826 3009 1169 3145 relinqu-ag.
1249 3066 1591 3144 Caeterum,
1622 3063 1775 3128 hom
1805 3088 1967 3130 nonu
2002 3065 2357 3148 precationis
2393 3085 2505 3126 vo-

235 3155 436 3223 catur,
475 3165 658 3225 quum
692 3147 809 3205 iam
847 3162 1094 3225 vergere
1129 3143 1422 3224 inciperet
1458 3143 1581 3206 dies
1620 3144 1691 3205 ad
1728 3163 2057 3224 vesperum.
2127 3143 2277 3202 Nam
2326 3162 2509 3221 quum

237 3223 370 3282 dies
417 3220 494 3282 ab
547 3231 686 3283 ortu
723 3240 909 3300 usque
948 3219 1020 3281 ad
1059 3241 1326 3282 occasum
1363 3219 1505 3282 solis
1554 3219 1729 3293 boras
1768 3219 2081 3281 duodecim
2116 3217 2391 3292 haberet,
2442 3227 2509 3278 ut

235 3299 386 3360 alibi
425 3297 702 3372 diximus,
737 3309 928 3358 totum
969 3295 1113 3357 illud
1161 3309 1392 3378 tempus
1438 3298 1501 3360 in
1553 3309 1807 3377 quatuor
1902 3307 2059 3357 artes
2120 3294 2507 3356 dividebatur.

241 3377 350 3467 δὶς
385 3393 498 3455 per
535 3373 742 3434 boram
781 3394 1000 3465 nona-m
1045 3373 1264 3464 ultima·
1299 3372 1417 3436 diei
1466 3375 1665 3456 portio
1714 3371 2091 3469 inteligitur:
2138 3371 2309 3434 sicuti
2358 3371 2507 3432 hora

237 3449 1979 3608 ffiffiffiibz‘l“33:12‘'2333÷1÷¹12¹25233212⁸32¹33t
1996 3459 2265 3618 ’ἒὲἶιῖῑῦῗξ
2310 3446 2509 3587 ²²3„ss

238 3605 406 3674 illam
440 3604 729 3666 sacrificio
765 3603 1102 3684 vespertino
1143 3603 1487 3666 destinatam
1526 3603 1720 3666 fuisse.
1794 3603 2021 3676 Porro,
2058 3624 2107 3664 ει
2146 3625 2275 3683 qvas
2310 3612 2509 3684 roget,

241 3704 322 3745 an
372 3681 650 3762 Apostoli
687 3681 748 3743 in
800 3678 1080 3760 templum
1121 3679 1491 3742 ascenderint
1524 3691 1603 3744 ut.
1628 3679 1949 3742 secundum
1971 3679 2146 3762 Legis
2168 3680 2346 3742 ritum
2368 3696 2508 3759 pre-

242 3772 546 3826 carentur,
593 3757 651 3817 id
693 3778 819 3818 non
856 3771 975 3820 tam
1013 3756 1157 3818 mibi
1196 3768 1285 3816 est
1319 3757 1661 3834 verisimile,
1702 3779 1877 3836 quam
1916 3768 1984 3816 ut
2019 3756 2232 3817 melior
2270 3755 2509 3815 daretur

239 3836 482 3896 occasio
521 3834 888 3926 propagandi
923 3832 1248 3917 Evangelii.
1326 3833 1392 3894 Si
1443 3833 1573 3914 quis
1621 3847 1817 3895 autem
1854 3832 2172 3894 abuti‘hoc
2218 3831 2359 3892 loco
2400 3847 2507 3890 ve-

241 3911 338 3986 lit,
377 3931 542 3992 quasi
576 3911 1014 3992 superstitiosos
1055 3909 1244 3972 cultus
1281 3911 1577 3992 suscipere
1616 3909 1819 3986 liceat,
1858 3910 1993 3971 dum
2033 3907 2191 3970 inter
2226 3905 2401 3968 rudes
2436 3927 2507 3967 ac
2570 3954 2579 3964 .

241 3989 512 4050 infirmos
548 4007 866 4061 versamur,
903 3986 1112 4050 frivola
1149 3989 1262 4048 erit
1295 3987 1467 4048 ratio.
1542 3987 1887 4048 Instituerat
1930 3985 2255 4056 Dominus,
2305 3993 2371 4044 ut
2414 4003 2507 4046 sa·-

243 4065 535 4126 crificium
596 4061 830 4146 vesperi
891 4075 954 4124 ct
1009 4084 1182 4124 mane
1229 4063 1439 4124 Iudaei
1495 4062 1790 4125 offerrent
1834 4061 1971 4142 (Ex.
2005 4067 2105 4136 29,
2140 4059 2286 4138 41.).
2372 4059 2507 4120 Hoc

247 4140 532 4204 exercitio
581 4139 976 4213 docebantur,
1027 4139 1099 4202 ab
1147 4141 1524 4206 invocatione
1572 4152 1637 4200 et.
1681 4139 1843 4200 cultu
1884 4139 1999 4198 Dei
2044 4137 2307 4216 incipere
2352 4137 2508 4198 diem

247 4229 314 4278 et
363 4215 638 4280 claudere
687 4219 892 4296 (Num.
930 4222 1030 4294 28,
1065 4219 1170 4294 4.).
1253 4217 1439 4278 Petro
1488 4215 1685 4296 itaque
1734 4227 1796 4274 et
1839 4213 2051 4276 Ioanni
2096 4211 2346 4274 liberum
2396 4213 2513 4274 fuit

247 4293 454 4358 venire
491 4293 556 4356 in
591 4293 878 4376 templum
899 4291 1042 4360 Deo
1075 4305 1515 4358 consectatum:
1554 4313 1666 4354 nec
1684 4311 1827 4355 vero
1848 4309 1911 4352 sc
1932 4285 2297 4370 polluebant,
2334 4307 2513 4368 quum
