2788 4713
1123 231 1401 295 CAPUT
1442 233 1513 296 v.
2124 181 2131 189 ’
2372 247 2451 313 97

339 388 438 450 34.
477 381 606 440 Iam
627 387 822 438 narrat
839 375 1026 440 Lucas
1051 377 1302 459 qualiter
1319 377 1616 441 Dominus
1646 379 1809 442 illum
1832 381 2151 465 impiorum
2186 385 2453 452 furorem

193 458 581 540 dissipaverit.
654 452 971 514 Habebam
1020 455 1086 516 in
1136 456 1334 516 animo
1381 455 1715 518 interficere
1752 459 2108 540 Apostolos,
2158 461 2453 528 Gamaliel

188 557 252 599 se
292 535 556 596 medium
596 531 956 611 interponit,
1003 543 1072 593 ut
1108 531 1367 592 insanam
1401 531 1563 592 illam
1592 535 2083 600 consultationem
2122 539 2450 623 abrumpat.
2478 569 2493 584 ·

187 613 392 672 Porro
438 607 886 670 circumstantias
937 619 1134 681 notat,
1173 612 1250 668 'ut
1285 608 1529 668 sciamus
1569 611 1872 684 quomodo
1910 625 2135 676 tantum
2174 617 2259 678 vir
2298 639 2451 682 unus

187 687 470 782 potuerit
516 697 716 745 contra
763 683 996 744 multos.
1073 682 1234 745 Dicit
1282 684 1459 744 fuisse
1499 685 1902 762 Pharisaeum,
1942 709 2092 770 quae⁴
2128 705 2285 758 secta
2324 707 2451 756 erat

193 789 262 826 m
306 763 606 844 praecipua
646 761 1084 833 aestimatione,
1127 772 1194 820 ut
1238 761 1468 823 scimus.
1520 761 1709 822 ‚Dicit
1759 764 1937 826 fuisse
1972 769 2037 824 in
2064 773 2255 842 ,pr-etio
2292 771 2449 851 apud

203 839 506 920 populum.
583 837 673 897 Illi
714 848 908 897 autem
949 836 1230 917 populum
1267 837 1573 898 timebant.
1646 840 1937 916 Hinc-fit,
1975 851 2043 902 ut
2080 855 2287 906 contra
2319 851 2449 910 eius

199 915 548 978 sententiam
597 916 786 975 minus
833 914 1104 974 audeant.
1180 913 1269 975 Ita
1319 913 1666 994 plerumque
1704 914 1869 978 Deus
1917 919 2145 979 subitos
2192 931 2450 985 terrores

201 993 572 1071 exinopinato
611 988 877 1051 hostibus
915 991 1029 1050 suis
1069 991 1321 1071 opponit
1369 990 1443 1050 ad
1491 989 1805 1054 sistendam
1854 1014 2059 1056 eorum
2098 995 2451 1062 violentiam.

197 1067 392 1128 Porro
417 1066 590 1130 ‚iubet
631 1065 922 1127 Gamaliel
960 1066 1281 1147 Apostolos
1326 1066 1633 1140 secedere,
1684 1089 1761 1129 ne
1806 1071 2091 1132 maiorem
2143 1091 2213 1133 ex
2258 1074 2451 1138 verbis

193 1144 314 1206 suis
350 1143 642 1205 audaciam
681 1143 1036 1222 concipiant.
1113 1143 1323 1224 Neque
1371 1144 1527 1204 enim
1566 1145 1880 1207 verisimile
1926 1159 2015 1208 est
2058 1147 2195 1209 ideo
2234 1148 2323 1210 sic
2358 1148 2452 1210 lo·

193 1233 438 1302 quntum
476 1240 634 1294 esse,
673 1219 805 1299 quia
844 1218 1126 1300 probaret
1161 1221 1319 1280 Evau
1367 1220 1466 1282 elii
1504 1220 1864 1299 doctrinam,
1900 1223 1993 1286 vel
2034 1225 2160 1286 eius
2194 1226 2455 1305 patroci-

189 1301 351 1358 nium
389 1297 688 1376 suscipere
725 1293 934 1368 vellet,
979 1296 1084 1357 sed
1122 1296 1259 1372 quia
1297 1319 1330 1356 a
1353 1297 1443 1358 ios
1491 1319 1697 1359 omnes
1742 1299 1906 1360 videt
1951 1300 2115 1362 rabie
2149 1321 2453 1378 accensos,

187 1377 277 1435 vir
310 1373 596 1434 humanus
639 1383 700 1433 et
733 1371 1070 1434 moderatus
1121 1373 1315 1438 medio
1367 1392 1640 1434 sermone
1680 1395 1985 1440 ,excessum
2023 1376 2187 1440 illum
2225 1390 2453 1471 tempe·

189 1462 298 1510 rat.
378 1449 726 1521 Caeterum,
773 1449 821 1508 si
872 1449 1000 1530 quis
1052 1451 1248 1511 omnia
1296 1449 1409 1510 rite
1449 1469 1515 1510 cx
1561 1450 1765 1526 endat,
1810 1451 2049 1534 indigna
2086 1466 2174 1515 est
2211 1453 2451 1516 homme

187 1527 470 1608 prudenti
507 1525 817 1586 sententia.
897 1526 1035 1586 Scio
1121 1526 1314 1586 uidem
1353 1548 1386 1585 a
1420 1548 1517 1586 mu
1544 1527 1613 1586 tis
1652 1527 1855 1588 haberi
1892 1551 2001 1610 pro
2043 1529 2305 1606 oraculo,
2346 1531 2453 1594 sed

191 1625 295 1663 eos
326 1623 646 1696 perperam
685 1602 940 1662 iudicare
977 1601 1071 1662 vel
1151 1603 1246 1663 inc
1282 1605 1421 1664 satis
1459 1602 1614 1662 clare
1655 1616 1842 1683 patet,
1894 1605 2053 1685 quod
2102 1607 2219 1668 hoc
2266 1608 2449 1670 modo

189 1679 606 1742 abstinendum
661 1689 813 1738 esset
858 1677 932 1738 ah
974 1677 1246 1740 omnibus
1285 1679 1528 1759 poeuis,
1576 1699 1686 1740 nec
1724 1681 1969 1762 amplius
2006 1681 2189 1744 ullum
2225 1685 2451 1746 malefi-

191 1757 352 1816 cium
379 1755 825 1836 corrigendum,
863 1755 984 1815 imo
1024 1755 1381 1835 repudianda
1420 1754 1719 1841 quaelibet
1752 1758 1905 1818 vitae
1952 1757 2238 1836 subsidia,
2276 1783 2452 1841 quam

191 1853 267 1892 ne
307 1843 614 1894 momento
655 1831 886 1911 quidem
927 1851 1250 1914 prorogare
1297 1832 1360 1892 in
1396 1832 1641 1892 arbitrio
1690 1845 1897 1896 nostro
1937 1846 2043 1898 est.
2120 1837 2279 1897 Vere
2318 1839 2453 1918 qui-

191 1909 324 1969 dem
373 1919 686 1987 utrumque
731 1907 974 1982 dicitur,
1029 1929 1152 1968 non
1205 1927 1376 1988 posse
1424 1907 1557 1970 ullis
1606 1908 1911 1971 bominum
1958 1909 2161 1973 studiis
2214 1913 2451 1976 dissolvi

194 1985 354 2064 quod
395 2005 465 2044 ex
502 1983 638 2045 Deo
688 1994 803 2044 est:
857 1983 1018 2063 quod
1067 1995 1260 2044 autem
1309 1995 1399 2045 est
1446 2005 1514 2044 ex
1562 1982 1929 2061 hominihus,
1978 1989 2171 2051 miuus
2218 1990 2449 2052 firmum

193 2082 318 2123 esse
373 2083 548 2142 quam
586 2071 653 2120 ut
690 2060 989 2120 consistat.
1064 2061 1186 2121 Sed
1224 2058 1360 2121 hinc
1400 2081 1708 2153 perperam
1747 2061 2069 2146 colligitur,
2109 2066 2451 2128 cessandum

191 2139 418 2199 interea
459 2157 601 2198 esse.
677 2135 882 2198 Potius
928 2136 1242 2198 videndum
1295 2149 1384 2198 est
1463 2138 1563 2198 md
1602 2137 1775 2200 nobis
1814 2139 1975 2202 Deus
2015 2142 2277 2204 mandet:
2324 2143 2452 2204 vult

193 2227 388 2276 autem
437 2212 720 2274 maleficia
809 2234 875 2272 er
925 2234 1034 2274 nos
1089 2216 1372 2275 coiirceri.
1483 2234 1520 2273 n
1564 2215 1719 2276 hunc
1758 2217 1937 2278 finem
1975 2219 2225 2279 instituit
2260 2220 2451 2313 magi-

193 2303 438 2367 stratus,
477 2309 698 2370 eosque
735 2309 776 2373 g
799 2289 933 2350 adio
975 2290 1230 2350 armavit.
1307 2291 1378 2350 In
1422 2291 1577 2354 bunc
1616 2291 1793 2354 finem
1832 2293 2113 2354 Seniores
2156 2293 2451 2359 Ecclesiae

195 2389 334 2431 suae
382 2367 694 2447 praefecit,
745 2366 846 2448 qui
896 2366 958 2427 in
1006 2368 1276 2429 ordinem
1324 2380 1634 2447 protervos
1684 2381 1933 2451 cogant,
1993 2390 2104 2430 nec
2152 2372 2453 2448 patiantur

195 2446 438 2525 impune
486 2443 727 2525 grassari
778 2442 1058 2525 peccandi
1109 2443 1423 2504 licentiam.
1535 2444 1853 2525 Perperam
1896 2446 2104 2525 itaque
2154 2446 2291 2508 colli
2335 2448 2451 2509 itur

199 2518 540 2581 cessandum
571 2520 744 2580 nobis
783 2540 928 2596 esse,
969 2520 1099 2601 quia
1135 2520 1298 2581 Deus
1337 2540 1448 2600 per
1482 2540 1545 2581 se
1583 2521 1657 2581 ad
1698 2520 1845 2581 mala
1883 2520 2146 2582 tollenda
2182 2544 2251 2582 su
2316 2524 2450 2586 ciat.

199 2598 553 2675 Quanquam
601 2596 896 2678 integrum
947 2596 1252 2657 consilium
1299 2596 1420 2657 tale
1470 2607 1574 2657 est.
1660 2596 1965 2659 Admonet
2003 2595 2321 2674 Gamaliel,
2370 2620 2451 2661 ne

197 2672 422 2766 bellum·
470 2694 598 2733 cum
635 2671 780 2765 Deo·
821 2672 972 2733 susci
1015 2672 1138 2732 iant
1184 2671 1410 2733 scribae
1448 2686 1524 2765 ,a
1568 2674 1846 2735 seniores.
1921 2674 2218 2754 Loquitur
2252 2685 2447 2771 autem

190 2748 942 2907 fliiss'oediissthbiiino
989 2748 1069 2885 {¹11¹
1073 2760 1639 2905 ⁰05.}2¹;2“;.;‘33¹.2:
1686 2748 2286 2907 {fflssssffi‘ia‘e‘ssR
2303 2752 2451 2891 ¹¹:¹2¹}

189 2916 450 2966 statuere
488 2901 686 2979 audet,
705 2848 961 2963 (bonane
1002 2923 1074 2961 an
1115 2901 1264 2961 mala
1304 2902 1399 2976 sit,
1436 2902 1537 2963 sed
1577 2913 1805 2965 tantum
1842 2902 1913 2965 ad
1953 2915 2181 2984 tempus
2221 2904 2451 2969 differri

189 2980 380 3055 iubet,
418 2980 612 3040 donec
650 2978 858 3041 melius
897 2980 970 3041 de
1011 3000 1176 3041 causa
1217 2978 1453 3058 liqueat.
1513 2978 1585 3045 In
1626 3000 1877 3055 summa,
1916 2978 2203 3041 Gamaliel
2242 3002 2310 3043 ex
2346 3002 2449 3043 ve-

191 3058 273 3119 ris
327 3055 632 3138 principiis
684 3076 1014 3137 perversam
1065 3058 1545 3137 consequentiam
1597 3055 1865 3132 deducit,
1914 3055 2049 3137 quia
2100 3057 2260 3136 quod
2308 3058 2449 3119 fidei

187 3146 418 3193 tautum
469 3132 687 3194 servire
749 3131 926 3193 debet
983 3132 1056 3193 ad
1106 3144 1407 3193 externum
1468 3132 1729 3195 officium
1780 3145 1841 3195 et
1889 3132 2105 3217 agendi
2156 3134 2447 3196 rationem

189 3230 504 3291 perperam
551 3208 974 3269 accommodat.
1086 3208 1173 3269 Ex
1222 3209 1496 3291 opposito
1548 3208 1690 3269 haec
1742 3206 1818 3270 sit
1876 3222 2076 3271 nostra
2126 3208 2447 3273 dialectica.

193 3286 380 3361 Quod
431 3306 500 3345 ex
549 3284 686 3345 Deo
737 3298 859 3359 est,
912 3286 1086 3347 etiam
1133 3297 1264 3346 toto
1305 3284 1527 3346 mundo
1576 3284 1795 3361 invito,
1846 3304 2085 3347 necesse
2135 3298 2225 3349 est
2272 3300 2447 3349 stare.

189 3362 355 3445 Ergo
418 3362 572 3421 intre
617 3360 712 3421 ide
774 3362 1044 3423 adversus
1105 3360 1336 3442 quosvis
1392 3362 1645 3425 Satanae
1708 3372 1771 3421 ct
1838 3361 2145 3423 hominum
2202 3362 2449 3427 insultus

193 3438 518 3501 consistere
609 3436 747 3501 chet
796 3438 970 3513 fides,
1017 3458 1166 3519 quae
1205 3450 1445 3499 aeterna
1482 3437 1603 3498 Dei
1636 3438 1883 3499 veritate
1918 3437 2187 3513 fulcitur,
2226 3441 2450 3503 etiamsi

191 3514 423 3577 coelum
465 3526 614 3588 ruat,
652 3514 886 3583 intuto
927 3526 1015 3577 est
1050 3514 1200 3576 salus
1236 3518 1457 3585 nostra,
1495 3534 1645 3594 quae
1671 3513 1867 3575 Deum
1902 3527 2205 3579 auctorem
2242 3529 2304 3578 et
2342 3538 2447 3579 cu-

185 3591 422 3653 stodem
458 3589 669 3665 habet,
705 3591 839 3671 quia
875 3612 1124 3675 reguum
1165 3590 1383 3653 Christi
1421 3589 1583 3650 Deus
1622 3600 1853 3663 tuetur,
1901 3589 2059 3651 nulla
2097 3612 2351 3674 unquam
2387 3594 2448 3655 vi

195 3669 378 3729 everti
419 3668 671 3748 poterit,
717 3669 853 3748 quia
893 3670 952 3729 in
995 3668 1134 3728 Deo
1174 3666 1413 3727 fundata
1453 3678 1539 3727 est
1566 3666 1871 3749 Evangelii
1910 3666 2197 3743 doctrina,
2234 3680 2449 3731 utcun-

191 3764 308 3823 que
349 3764 476 3803 eam
516 3766 595 3825 op
641 3756 866 3827 ugnent
901 3744 992 3805 vel
1033 3744 1429 3826 quatesaciant
1466 3742 1767 3819 homines,
1818 3743 1981 3804 firma
2032 3742 2215 3806 nihilo
2258 3747 2449 3806 minus

185 3819 470 3881 manebit.
588 3764 868 3897 Rursum,
926 3819 1293 3915 quantumvis
1351 3830 1617 3901 satagant
1682 3818 1877 3900 impii,
1947 3820 2257 3902 nullosque
2320 3842 2446 3880 non

189 3908 470 3957 moveant
507 3894 758 3978 lapides,
805 3910 873 3957 ut
910 3896 1228 3958 Ecclesiam
1267 3894 1543 3977 perdant:
1589 3896 1955 3973 quantumvis
1996 3898 2216 3957 furiose
2254 3918 2447 3976 oppu-

235 3984 381 4031 ncnt
420 3972 713 4035 Christum
765 3986 829 4034 et
867 3976 987 4035 eius
1025 3972 1376 4047 Ecclesiam,
1424 3994 1547 4032 non
1586 3984 1783 4033 tamen
1822 3972 2274 4053 praevalebunt,
2314 3970 2449 4050 quia

253 4048 306 4110 ei
355 4050 661 4131 proprium
702 4062 822 4125 est,
868 4052 1170 4112 hominum
1220 4046 1465 4111 consilia
1512 4048 1825 4128 dissipare,
1875 4060 2050 4128 atque
2099 4048 2214 4138 hqc
2262 4046 2445 4107 modo

193 4145 402 4185 eorum
453 4126 842 4188 temeritatem
875 4127 1206 4188 ,ulcis-citur.
1281 4124 1564 4187 Videmus
1615 4124 1753 4185 fidei
1802 4136 1962 4184 recte
2000 4146 2028 4183 a
2076 4136 2183 4183 tan
2220 4134 2450 4183 utrum-

196 4220 310 4281 que
350 4199 701 4266 membrum.
780 4202 900 4262 Sed
949 4202 1170 4265 interea
1217 4224 1343 4263 non
1400 4213 1487 4262 est
1525 4201 1687 4281 quod
1723 4200 1913 4260 minus
1950 4220 2012 4258 se
2056 4197 2137 4257 uli
2176 4218 2303 4260 esse
2342 4198 2449 4259 de-

195 4278 378 4339 beant
409 4278 633 4339 Christi
670 4278 822 4341 servi
861 4280 922 4339 in
959 4280 1204 4341 veritate
1242 4276 1551 4341 asserenda
1588 4296 1695 4339 cur
1722 4273 2043 4337 Ecclesiam
2080 4294 2184 4337 sua
2220 4275 2448 4360 ignavia

249 4376 1100 4437 masmanna-Aput.
1804 4356 1842 4415 7
