2788 4713
1044 301 1047 309 .
1098 240 1376 311 CAPUT
1413 242 1520 307 xt.
2323 247 2443 313 217

162 388 461 476 quicquid
511 387 587 451 de
624 388 891 473 gentium
931 388 1255 451 ‘vocatIone
1300 388 1666 471 praedictum
1703 398 1864 466 erat,
1917 388 2002 452 sic
2049 386 2228 451 fuisse
2263 390 2438 451 acce-

208 482 383 545 turn,
423 468 586 547 quasi
668 478 829 527 entes
866 465 929 526 in
967 466 1053 525 Le
1096 485 1189 526 em
1228 466 1410 541 mosis
1449 485 1834 529 concessurae
1871 476 2096 541 essent,
2134 477 2202 526 ut
2236 463 2438 527 locum

160 494 471 609 baberent
506 543 567 603 in
658 541 885 604 cclesia-
962 543 1065 603 Mo
1108 562 1175 603 us
1212 554 1406 605 autem
1445 541 1804 619 vocationis,
1845 542 2005 603 cuius
2041 554 2186 603 tunc
2224 561 2435 603 cerne-

164 624 327 685 bant
362 618 557 695 initia,
606 640 729 681 non
766 616 950 681 modo
988 617 1327 701 incognitus
1366 630 1527 694 erat,
1563 617 1669 695 sed
1706 617 1780 678 ab
1823 618 1984 679 omni
2023 619 2252 678 ratione
2289 618 2436 680 alie--

169 720 291 761 nus
327 694 650 762 videbatur.
724 695 875 757 Nam
916 693 1153 756 abolitis
1190 694 1539 755 ceremoniis
1577 706 1784 777 gentes
1833 715 1965 755 cum
2004 692 2134 755 filiis
2161 692 2439 757 Abrabae

170 773 415 837 misceri
452 772 515 831 in
558 793 743 835 unum
792 791 1007 851 corpus
1058 775 1184 833 n‘on
1233 791 1406 851 posse
1443 770 1844 843 somniabant,
1900 768 2040 850 quin
2081 770 2438 841 sanctoDci

175 848 417 911 foederi
494 849 633 909 ravis
670 848 841 909 fieret
878 846 1110 908 iniuria.
1188 846 1492 923 Quorsum
1539 848 1696 907 enirn
1745 846 1898 919 Lex,
1957 845 2068 906 nisi
2105 856 2175 907 ut
2212 845 2284 906 ad
2325 868 2438 909 no-

174 925 425 987 tandum
504 922 761 987 issidium
800 924 1023 984 medius
1068 934 1221 983 esset
1256 922 1485 1004 paries?
1547 922 1792 983 Deinde
1830 920 2110 1004 quoniam
2155 922 2228 982 ad
2269 921 2438 983 dissi-

178 1002 349 1065 dium
386 999 525 1061 illud
562 1010 689 1063 tota
730 999 844 1061 vita
884 1000 1097 1063 assueti
1136 999 1398 1074 fuerant,
1460 1000 1611 1061 adeo
1663 1018 1767 1060 eos
1861 996 2090 1059 ercellit
2137 998 2438 1078 inopinata

176 1078 273 1141 rei
312 1078 553 1154 novitas,
588 1088 661 1137 ut
695 1096 903 1139 eorum
943 1076 1145 1137 animis
1184 1075 1428 1151 excidat,
1465 1075 1742 1156 quicquid
1767 1097 1798 1135 a
1843 1074 2210 1136 mirationem
2231 1074 2440 1137 sedare

180 1151 503 1215 debuisset:
564 1153 821 1233 denique
859 1152 1195 1235 mysterium
1232 1173 1357 1213 non
1396 1152 1592 1215 statim
1633 1173 1694 1213 ca
1740 1152 1899 1226 iunt,
1963 1151 2125 1233 quod
2161 1172 2196 1212 a
2235 1162 2438 1215 creato

176 1250 367 1311 usque
404 1229 627 1292 mundo
668 1252 741 1294 au
790 1228 893 1290 elis
934 1228 1231 1290 occultum
1275 1227 1451 1289 fuisse
1490 1173 1750 1289 docet?²
2017 1297 2025 1305 ‚

328 1312 385 1371 2.
460 1249 881 1383 Βίιοφΰιιῖακι
914 1326 1045 1365 cum
1080 1326 1167 1365 eo.
1258 1304 1465 1365 Errori
1513 1316 1581 1364 ut
1617 1302 1930 1385 plurimum
1977 1323 2176 1365 comes
2213 1302 2442 1367 accedit

172 1382 523 1464 pervicacia.
598 1382 739 1443 Hoc
782 1404 891 1444 uam
940 1380 1111 1443 nimis
1151 1401 1375 1443 crassae
1415 1382 1782 1463 ignorantiae
1817 1380 2024 1441 vitium
2063 1392 2216 1455 erat,
2277 1380 2444 1461 quod

172 1470 387 1541 gentes
442 1458 655 1521 eodem
712 1458 851 1523 fidei
888 1456 1113 1551 Spiritu
1161 1457 1273 1518 sibi
1316 1457 1505 1519 unitas
1543 1477 1669 1519 non
1704 1457 1934 1539 placide
1972 1457 2334 1537 recipiebant
2371 1455 2440 1520 in

173 1558 347 1595 suum
430 1536 692 1595 remium.
766 1536 953 1616 Atqui
999 1556 1123 1595 non
1174 1532 1444 1595 resiliunt
1478 1532 1694 1608 modo,
1743 1534 1848 1594 sed
1884 1532 2258 1595 contentiose
2297 1556 2434 1599 cum

174 1612 365 1672 Petro
436 1610 649 1693 itigant
702 1622 881 1692 atque
928 1610 989 1671 in
1031 1610 1249 1672 crimen
1288 1621 1506 1672 vocant
1543 1609 1666 1671 eius
1705 1610 1961 1685 factum,
2012 1609 2172 1691 quod
2213 1632 2439 1672 summa

176 1686 353 1749 laude
394 1687 635 1769 dignum
674 1699 818 1748 erat.
894 1685 1123 1748 Gentes
1160 1685 1410 1749 audiunt
1442 1706 1778 1749 sermonem
1800 1686 1918 1746 Dei
1954 1686 2260 1777 amplexas,
2297 1686 2442 1780 quid

180 1764 383 1856 obstat
419 1764 440 1824 i
483 1764 601 1823 itur
639 1762 953 1844 quominus
1004 1783 1101 1855 eas
1138 1763 1387 1853 amplexi
1424 1762 1766 1824 societatem
1816 1760 1924 1825 sub
1959 1761 2081 1855 pei
2119 1764 2291 1857 ιιιιίιιε
2327 1786 2440 1855 nn-

176 1859 379 1977 {ii-¹11³„
392 1838 633 1997 5232?
664 1839 813 1975 1133
815 1840 1324 1978 03ηέῗέηέἓὲἓὲ
1326 1857 1557 1976 'zm‘
1588 1850 1772 1976 33:1⁸
1773 1850 2291 1977 ‘fiamzzlffiz‘ssflfft
2302 1862 2344 1975 ἔ
2345 1862 2448 1977 ’ἓὶ

180 2014 292 2053 cur
328 2012 451 2053 non
490 1992 894 2053 coalescerent
928 1992 991 2053 in
1028 2013 1212 2053 unum
1252 2012 1490 2073 corpus,
1527 1992 1630 2074 qui
1667 1992 1935 2052 Messiam
1960 1990 2075 2053 Dei
2112 1990 2225 2053 sibi
2264 2002 2442 2073 caput

182 2068 587 2131 constituunt?
666 2066 787 2128 Sed
836 2069 972 2149 quia
1015 2066 1297 2129 videbant
1342 2081 1640 2131 externam
1685 2068 1862 2149 Legis
1913 2066 2164 2130 sormam
2210 2066 2444 2147 violari,

180 2145 473 2227 putabant
518 2142 957 2224 quodammodo
1014 2144 1247 2206 misceri
1302 2145 1538 2207 coelum
1597 2157 1808 2205 terrae.
1895 2142 2162 2206 Observa
2223 2158 2442 2222 autem,

184 2244 365 2301 quum
412 2221 575 2302 prius
624 2220 834 2281 dixerit
869 2222 1089 2297 Lucas,
1125 2220 1450 2312 Apostolos
1492 2232 1554 2282 et
1589 2220 1796 2283 fratres
1835 2220 2043 2281 famam
2082 2220 2233 2282 banc
2275 2221 2442 2282 audi-

180 2297 362 2373 visse,
421 2298 495 2362 de
545 2296 883 2359 offensione
930 2319 1052 2360 non
1101 2297 1310 2360 fecisse
1348 2296 1626 2374 verbum,
1686 2318 1846 2358 nunc
1903 2308 2100 2358 autem
2156 2298 2442 2360 inducere

183 2375 351 2455 quasi
383 2395 600 2436 novam
640 2372 943 2436 bominum
988 2386 1236 2449 sectam,
1298 2391 1448 2453 quae
1501 2387 1798 2436 certamen
1848 2393 1980 2434 cum
2017 2374 2202 2435 Petro
2241 2393 2442 2436 susce-

185 2450 361 2532 perit.
434 2447 799 2523 Audieram,
857 2451 919 2512 in
964 2452 1081 2528 uit,
1120 2449 1385 2533 frmi-es,
1449 2449 1592 2509 nibil
1652 2460 1854 2530 postea
1904 2448 2094 2509 addita
2153 2450 2441 2530 sequitur,

184 2548 365 2608 quum
406 2528 638 2586 venisset
680 2526 893 2590 Petrus
994 2525 1435 2608 ‘erosolymam,
1491 2523 1594 2604 qui
1642 2546 1710 2588 ex
1758 2525 2202 2588 circumcisione
2269 2537 2440 2588 erant

188 2623 325 2663 cum
364 2621 439 2664 eo
478 2602 803 2695 litigarunt:
845 2625 995 2685 quos
1034 2614 1196 2664 certe
1234 2599 1601 2694 a‘prioribus
1640 2600 1897 2662 diversos
1946 2600 2120 2662 fuisse
2159 2613 2436 2681 oportet:

186 2678 405 2740 deinde
442 2679 723 2759 particula
758 2683 1057 2755 περιτομῆς
1108 2699 1232 2740 ιιοιι
1268 2677 1611 2770 simpliciter
1647 2678 1897 2740 Iudaeos
1935 2689 2134 2750 notat,
2185 2678 2288 2741 sed
2379 2678 2442 2740 ui

185 2754 542 2817 ceremoniis
578 2753 858 2840 legalibus
897 2753 1141 2816 nimium
1178 2755 1393 2818 addicti
1433 2766 1644 2816 esseut.
1717 2753 1880 2818 Nulli
1917 2754 2072 2816 enim
2095 2755 2346 2816 Hieroso
2369 2776 2441 2835 y-

183 2831 397 2896 mitani
434 2843 577 2894 tunc
613 2843 780 2892 erant
815 2831 879 2892 in
914 2829 1135 2893 Christi
1173 2851 1357 2924 grege
1397 2831 1510 2892 nisi
1546 2830 1894 2892 citcumcisi:
1935 2851 1968 2892 a
2007 2830 2217 2912 quibus
2255 2831 2442 2914 igitur

183 2908 331 2970 istos
372 2907 771 2970 discerneret?
846 2907 1159 2971 Postremo
1197 2907 1510 2970 verisimile
1549 2929 1673 2968 non
1695 2905 1943 2980 videtur,
1980 2907 2214 2989 quodA
2261 2907 2442 2970 ostoli

184 2996 251 3046 et
300 2985 399 3066 qui
452 3005 522 3046 ex
571 2983 829 3045 fidelium
890 3005 1140 3045 numero
1192 2997 1363 3046 erant
1408 2984 1836 3046 moderatiores
1905 2985 2166 3068 aggressi
2241 2985 2440 3047 uerint

184 3060 302 3122 boc
338 3073 657 3128 certamen.
736 3058 860 3122 Etsi
885 3061 1041 3122 enim
1076 3061 1324 3124 fuissent
1342 3061 1578 3136 offensi,
1619 3072 1900 3142 poterant
1934 3073 2130 3124 tamen
2170 3060 2440 3144 privatim

182 3135 429 3202 Petrum
476 3139 794 3200 convenire
842 3148 904 3197 et
941 3138 1015 3199 ab
1070 3159 1142 3199 eo
1192 3143 1423 3236 exigere
1475 3137 1614 3202 facti
1653 3137 1962 3198 rationem.
2037 3137 2148 3200 His
2190 3138 2439 3201 rationi-

184 3212 297 3274 bus
331 3234 611 3288 moveor,
652 3226 718 3274 ut
756 3233 859 3274 eos
899 3233 969 3274 ex
1006 3211 1478 3278 circumcisione
1516 3213 1630 3276 dici
1681 3214 2026 3290 existimem,
2084 3235 2234 3295 quos
2273 3225 2437 3276 tanta

187 3287 673 3352 circumcisionis
724 3289 935 3372 religio
988 3292 1260 3366 tenebat,
1321 3303 1389 3352 ut
1449 3289 1670 3352 nemini
1719 3287 1917 3350 locum
1965 3291 2028 3352 in
2078 3311 2274 3374 regno
2319 3291 2440 3352 Dei

184 3366 631 3448 permitterent,
691 3367 804 3450 nisi
840 3366 942 3460 qui
982 3367 1068 3428 Le
1112 3368 1155 3428 is
1202 3367 1632 3449 professionem
1677 3367 2032 3448 susciperet,
2091 3379 2271 3448 atque
2318 3365 2439 3430 boc

192 3463 359 3508 sacro
399 3443 517 3504 ritu
556 3443 815 3508 initiatus
852 3463 914 3502 ιιι
952 3443 1073 3504 Ecc
1098 3444 1276 3506 esiam
1315 3443 1744 3504 immunditiem
1779 3456 2036 3504 exueret.

337 3521 393 3583 3.
468 3515 585 3580 Aa
618 3521 779 3580 virm
827 3523 1201 3595 praeputium
1244 3517 1524 3580 bohema
1600 3519 1740 3580 Non
1791 3531 1920 3580 erat
1964 3519 2080 3580 boc
2115 3519 2282 3604 Lege
2319 3520 2440 3583 Dei

184 3592 462 3670 vetitum,
522 3594 627 3658 sed
675 3594 1013 3662 observatio
1057 3608 1185 3657 erat
1221 3616 1254 3656 a
1291 3594 1566 3657 Patribus
1617 3615 1725 3676 per
1761 3617 1964 3658 manus
1999 3597 2234 3659 tradita.
2307 3597 2440 3659 Nec

184 3681 385 3732 tamen
435 3671 650 3752 excipit
686 3673 897 3733 Petrus
945 3672 1053 3734 bac
1098 3674 1162 3734 in
1201 3685 1367 3764 parte
1415 3671 1586 3732 nimis
1635 3673 1895 3764 praecise
1943 3693 2145 3734 secum
2191 3696 2224 3734 a
2268 3675 2316 3749 i,
2373 3673 2447 3735 se*

184 3743 471 3808 humanae
511 3747 656 3828 legis
698 3747 1043 3810 necessitate
1080 3751 1323 3812 minime
1360 3747 1670 3831 obstringi.
1760 3749 1980 3818 Totam
2030 3749 2180 3812 hauc
2225 3693 2442 3812 {esen-

183 3822 413 3884 sionem
454 3825 647 3884 omitti
738 3825 843 3886 sed
878 3837 1109 3888 tantum
1148 3823 1494 3907 respondet,
1527 3825 1684 3904 ipsos
1723 3825 1798 3888 ad
1832 3845 1896 3886 se
1935 3826 2159 3906 priores
2191 3827 2439 3901 venisse,

185 3909 249 3957 et
298 3897 410 3959 sibi
458 3901 621 3979 quasi
648 3837 784 3962 tilci
832 3923 1011 3962 manu
1062 3901 1311 3964 oblatos.
1415 3901 1732 3964 Caeterum
1778 3901 2040 3964 videmus
2102 3900 2196 3961 hic
2247 3923 2438 3964 raram

181 3974 349 4040 Petri
385 3975 767 4051 modestiam,
824 3978 987 4058 quod
1026 3999 1205 4059 quum
1253 3976 1442 4044 fretus
1478 3977 1743 4038 bonitate
1782 3999 1985 4043 causae
2022 3976 2290 4056 homines
2327 3977 2439 4038 im-

182 4050 429 4132 peritos,
470 4055 571 4134 qui
610 4054 826 4115 iniuste
861 4051 1097 4130 molesti
1137 4065 1336 4129 erant,
1371 4073 1653 4135 spernere
1689 4065 1923 4135 posset,
1961 4074 2026 4116 se
2061 4066 2262 4114 tamen
2300 4051 2441 4130 illis,

184 4139 255 4190 ut
291 4127 465 4189 decet
523 4130 682 4190 inter
730 4127 933 4191 fratres
990 4128 1153 4203 fieri,
1210 4129 1464 4192 comite'r
1502 4142 1751 4192 excusat.
1845 4129 1986 4191 Fuit
2021 4128 2256 4210 quidem
2295 4129 2440 4192 baec

182 4223 307 4264 non
348 4204 491 4265 levis
528 4203 807 4279 tentatio,
846 4205 1007 4287 quod
1044 4205 1284 4292 indigne
1320 4218 1710 4282 accusaretur,
1747 4217 2061 4287 propterea
2095 4205 2256 4286 quod
2295 4205 2442 4268 fide-

184 4279 323 4340 liter
356 4279 498 4343 Deo
538 4282 901 4363 obsequutus
949 4294 1133 4346 esset:
1194 4284 1295 4346 sed
1335 4284 1478 4365 quia
1536 4282 1685 4343 banc
1721 4283 1944 4364 Legem
1991 4281 2109 4346 toti
2143 4281 2442 4350 Ecclesiae

185 4355 521 4438 impositam
543 4377 670 4422 esse
692 4369 968 4437 noverat,
1006 4372 1073 4422 ut
1102 4361 1349 4442 quisque
1378 4357 1454 4423 ad
1486 4357 1840 4422 reddendam
1861 4357 2164 4448 doctrinae
2195 4370 2258 4421 et
2287 4359 2441 4422 vitae

1756 1227 1937 1289 aulu‘s.
