2788 4713
1009 187 1302 266 CAPUT
1340 204 1467 265 xx.
2045 171 2049 173 ’
2240 212 2359 275 399

118 362 284 413 retur
321 365 524 411 eorum
563 346 726 411 fides.
799 347 1074 431 Regnum
1091 348 1208 408 Dei
1239 348 1452 425 lterum
1474 350 1719 407 vocatur·
1738 336 2358 433 Evang'elii'doctrina,

24 442 26 445 ’
118 448 268 507 quae
307 445 552 507 regnum
590 424 708 483 Dei
756 424 818 484 in
869 426 982 486 boc
1031 425 1250 485 mundo
1299 423 1537 484 inchoat
1594 422 1858 483 homines
1908 430 2245 491 renovando
2292 432 2355 493 in

115 504 428 587 imaginem
469 501 612 575 Dei,
661 500 850 562 donec
889 502 1120 562 tandem
1171 503 1233 561 in
1275 500 1473 560 ultima
1511 498 1941 560 resurrectione
1980 524 2105 562 com
2152 506 2356 567 leatur.

268 584 362 643 26.
457 578 823 662 Quamque»-
876 599 975 637 vos
1030 592 1324 637 contestor.
1409 575 1663 635 Perinde
1720 575 1874 636 valet
1933 578 2050 637 acsi
2144 582 2353 659 ixisset,

115 656 246 715 Vos
281 655 514 736 appello
556 665 764 729 testes,
804 650 894 714 vel
935 649 1152 715 Coram
1189 652 1336 713 Deo'
1364 665 1433 723 et,
1460 651 1701 733 Angelis
1741 672 1843 711 vos
1882 663 2143 714 attestor.
2220 659 2355 721 Hoc

116 742 312 792 antem
354 748 476 791 non
515 742 630 793 tam
673 729 812 791 facit
848 750 947 791 sua
971 746 1198 804 'causa,.
1231 749 1402 810 quam
1442 740 1508 787 ut
1548 726 1729 789 officii
1780 726 1969 809 legem
2016 731 2215 791 maiori
2252 753 2353 793 au·-

115 808 390 868 ctoritate
429 806 540 867 illis
650 806 948 867 aescribat.
1046 806 1332 871 Continet
1369 826 1551 887 porro
1592 804 1685 865 bic
1724 804 1887 865 locus
1925 804 2161 867 brevem
2200 829 2357 869 snm-

113 903 270 945 mam
310 884 422 944 rite
463 905 570 965 pro
618 903 766 963 eque
807 882 1086 956 docendi,
1141 893 1202 941 et
1240 883 1513 942 doctores
1561 881 1719 961 ipsos
1756 876 2085 943 vehementi
2128 902 2357 945 severa-

164 980 234 1019 ue
283 952 586 1021 sanctione
635 960 900 1020 hortatur
961 971 1060 1031 ,ut
1113 956 1172 1017 in
1232 962 1397 1019 suuni
1435 976 1644 1018 munus
1690 958 1953 1039 gnaviter
2005 956 2358 1021 incumbant.

117 982 430 1109 Quaenam
477 1036 656 1119 igitur
705 1002 972 1097 tenenda·
1019 1046 1107 1094 est
1153 1034 1489 1095 Pastorihus
1552 1034 1803 1094 docendi
1860 1032 2047 1093 ratio?
2107 1034 2357 1115 primum

115 1124 272 1174 non·
301 1120 436 1175 sdo‘·
471 1112 714 1173 arbitrio
747 1112 1120 1197 ,aestiments
1161 1111 1297 1190 quid
1358 1110 1627 1203 proferre
1684 1110 1748 1171 in
1799 1109 2053 1169 medium
2109 1123 2169 1171 et
2218 1112 2359 1192 qnid

117 1188 394 1249 omittere
441 1188 732 1260 utile-sit,
782 1188 885 1249 sed
934 1186 1035 1247 un'i
1073 1186 1206 1247 Deo
1253 1186 1555 1250 arbitrium
1608 1187 1729 1247 eius
1776 1188 1862 1246 rei
1910 1185 2192 1263 deferant.
2270 1188 2362 1251 Ita

113 1262 377 1326 humanis
417 1264 762 1325 commentis
811 1284 929 1322 non
981 1262 1206 1343 patebit
1255 1264 1312 1322 in
1359 1260 1678 1323 Ecclesiam
1726 1262 1843 1322 Dei
1892 1263 2361 1399 inqressusz'de-

24 1410 26 1415 ,
115 1340 255 1399 inde
293 1362 414 1401 non
455 1350 658 1401 sumet·
680 1338 790 1399 sihi
819 1340 1084 1399 mortalis
1111 1337 1288 1398 homo
1329 1340 1666 1401 lacerandae
1696 1338 1787 1397 vel
1820 1342 1962 1399 muti
1990 1339 2360 1401 fndaeScri-

161 1428 322 1477 turae
345 1416 680 1491 andedam,
721 1427 788 1473 ut
823 1414 939 1475 hoc
974 1414 1067 1474 vel
1105 1414 1246 1474 illud
1310 1414 1671 1475 uoad‘visum
1700 1416 1878 1475 suerit
1901 1415 2140 1491 delibet,
2180 1433 2359 1497 quae-

24 1540 26 1565 s
161 1513 254 1551 am
293 1490 804 1566 obscureqmulta
843 1491 1182 1571 supprimat,
1220 1512 1282 1552 se
1363 1490 1639 1571 quicquid
1680 1492 1741 1549 in
1783 1490 2099 1573 scripturis
2136 1494 2364 1575 patefar

24 1572 26 1647 ζ
117 1578 278 1627 ctum
320 1579 434 1640 est,
483 1568 623 1627 licet
660 1566 983 1648 prudenter
1031 1581 1091 1626 et
1137 1572 1478 1647 tempestive
1570 1586 1636 1625 ro
1688 1566 2087 1628 aedificatione
2137 1569 2362 1650 populi,

24 1654 26 1661 '
115 1643 458 1735 simpliciter
496 1654 692 1702 tamen
735 1655 796 1702 et
831 1643 962 1703 sine
998 1642 1135 1703 suco
1175 1646 1386 1716 tradet,
1426 1652 1493 1702 ut
1564 1652 1693 1702 ccet
1728 1642 1905 1703 fidum
1934 1657 2005 1703 ·et
2032 1645 2359 1725 ingenuum

24 1763 26 1790 ,
113 1720 236 1779 Dei
272 1718 672 1799 interpretem.
746 1719 1122 1779 Prudentiam
1149 1718 1530 1779 adhibendam
1554 1738 1681 1779 esse
1704 1719 1847 1779 dixi:
1930 1721 2022 1780 uia
2051 1721 2363 1812 spectanda

24 1808 26 1811 ’
117 1807 210 1855 est
247 1805 478 1875 semper
512 1792 759 1869 utilitas,
807 1794 983 1857 modo
1024 1792 1175 1854 absit
1211 1792 1493 1869 vafrities,
1541 1794 1602 1854 in
1653 1816 1767 1874 qua
1814 1813 1908 1854 mu
1936 1796 1982 1855 ti
2026 1798 2199 1857 nimis
2247 1800 2360 1859 sibi

115 1872 388 1953 placent,
423 1870 562 1931 'duin
612 1872 682 1931 ad
721 1892 847 1933 suas
888 1870 1198 1931 methodos
1242 1872 1551 1931 inflectunt
1587 1871 1707 1931 Dei
1742 1870 2018 1947 verbum,
2068 1884 2129 1932 et
2166 1872 2361 1955 philo-

24 2016 27 2031 ,
113 1968 184 2008 so
231 1946 384 2007 biam
423 1946 620 2007 nescio
661 1966 831 2031 qnam
873 1968 940 2007 ex
969 1943 1292 2031 Evangelio
1333 1960 1394 2009 et
1424 1948 1547 2009 'suis
1586 1948 1877 2030 figmentis
1918 1948 2148 2009 mixtam
2189 1950 2360 2011 nobis

114 2024 174 2084 sa
224 2022 437 2097 ricant,
487 2023 616 2103 q'uia
668 2020 890 2093 scilicet
935 2021 1114 2105 magis
1163 2020 1478 2103 plausibilis
1528 2036 1614 2084 est
1668 2024 1811 2085 haec
1859 2026 2119 2087 mixtura.
2212 2018 2361 2087 Inde

113 2100 289 2161 nohis
325 2098 578 2171 liberum
617 2100 941 2175 arbitrium,
977 2099 1114 2161 inde
1147 2117 1391 2193 operum
1424 2103 1649 2174 merita,
1688 2100 1825 2181 inde
1860 2102 2262 2183 providentiae
2301 2117 2362 2166 et

112 2176 406 2261 gratuitae
443 2174 744 2236 ‘electionis
777 2176 894 2236 Dei
928 2175 1078 2237 abne
1123 2190 1261 2237 auo.
1320 2176 1428 2237 Est
1464 2188 1655 2237 autem
1697 2180 1856 2257 quod
1896 2198 2085 2259 nuper
2121 2179 2361 2243 diximus

114 2252 430 2314 observatu
457 2252 719 2335 dignum,
757 2250 1062 2311 consilium
1145 2252 1222 2326 ei,
1263 2253 1423 2311 cuins
1460 2250 1729 2311 meminit
1768 2252 1859 2314 hic
1898 2254 2131 2326 Paulus,
2173 2254 2361 2313 inclu-

111 2348 244 2391 sum
297 2348 420 2390 esse
470 2327 530 2387 in
583 2330 703 2388 eius
755 2326 972 2404 verbo,
1024 2348 1134 2388 nec
1184 2326 1323 2387 alibi
1371 2326 1811 2406 quaerendum.'
1860 2328 2041 2388 Multa
2092 2329 2247 2388 enim
2298 2330 2360 2391 in

111 2407 228 2466 hac
271 2405 391 2466 vita
441 2402 723 2478 celamur,
786 2419 1034 2484 quorum
1095 2403 1270 2494 plena
1333 2404 1721 2465 manifestatio
1754 2401 2047 2462 ‘differtur
2102 2405 2360 2468 adeunt

111 2503 184 2541 us
231 2502 301 2540 ue
341 2481 516 2556 diem,
556 2499 673 2574 quo
713 2475 904 2539 Deum
955 2479 1122 2539 sicuti
1162 2491 1268 2554 est,
1309 2477 1455 2538 facie
1494 2479 1563 2537 ad
1604 2477 1810 2538 faciem
1853 2479 2236 2550 novisoculis
2276 2483 2361 2542 vi·

114 2561 191 2617 de
241 2557 400 2616 imus.
479 2557 592 2616 Det
627 2575 721 2614 ,ει-
764 2576 801 2615 o
849 2552 1206 2614 voluntatem
1267 2557 1616 2615 annuntiant
1654 2555 1753 2634 qui
1794 2553 2042 2616 fideliter
2091 2567 2363 2621 enarrant

112 2632 500 2714 scripturam,
540 2652 607 2693 ac
645 2629 702 2690 in
750 2653 779 2690 e
818 2629 1096 2712 populum
1137 2631 1196 2690 in
1236 2627 1372 2704 fide,
1414 2631 1475 2690 in
1516 2630 1727 2692 tlmore
1764 2629 2029 2708 Domini,
2072 2643 2133 2691 et
2170 2634 2360 2696 omni-

111 2711 229 2772 bus
271 2702 498 2792 pietatis
539 2708 836 2769 exercitiis-
857 2707 1181 2767 instituunt.
1259 2706 1762 2781 Quemadmodum
1812 2720 2001 2766 autem
2044 2719 2232 2788 nuper
2270 2711 2362 2771 di-

109 2787 322 2860 ximus,
360 2785 466 2845 hac
504 2785 792 2845 sententia
831 2781 1082 2844 damnari
1123 2801 1244 2858 eos,
1285 2782 1385 2863 qui
1422 2778 1827 2864 philosophice
1868 2784 2237 2864 disputando,
2284 2795 2361 2848 ne

111 2862 260 2944 quid
315 2873 616 2938 remotum⁴
666 2861 901 2922 tradant
959 2879 990 2919 a
1055 2861 1347 2919 communi
1398 2853 1699 2921 hominum
1749 2880 1921 2920 sensu
1978 2881 2045 2920 ac
2108 2863 2362 2956 proinde

111 2937 410 3014 odiosum,
449 2937 576 2998 Scri
621 2949 780 2998 turae
820 2935 1128 3018 puritatem
1167 2933 1465 2998 fermentis
1502 2935 1617 2998 suis
1658 2937 2068 3017 cof-rumpunt,
2104 2947 2185 2999 ita
2224 2947 2359 3023 gra-

109 3015 270 3079 viter
315 3016 377 3074 in
421 3033 520 3075 eos
587 3013 830 3075 ulmlnat
865 3011 1109 3086 Paulu3‚
1158 3013 1258 3094 qui
1289 3025 1465 3074 'metu
1514 3013 1699 3074 crucis
1740 3026 1800 3075 et
1835 3015 2359 3096 persequutionum

24 3129 26 3172 4
113 3091 253 3154 aeni
357 3091 502 3151 atice
543 3105 763 3153 tantum
805 3087 1140 3170 loquuntur.

353 3165 540 3226 nudus
583 3189 712 3228 sum
755 3187 794 3228 a
839 3161 1134 3242 sanguine.
1197 3165 1367 3226 'Non
1432 3165 1637 3225 dubito
1700 3167 1842 3244 quin
1900 3166 1972 3226 ad
2033 3165 2357 3232 Ezechielis

112 3246 354 3306 locum.
397 3249 467 3316 3,
512 3247 604 3309 18.
641 3243 764 3321 20.)
823 3243 1164 3324 respexerit,
1225 3242 1327 3301 ubi
1373 3243 1536 3300 Deus
1586 3240 1941 3320 prophetam
1990 3261 2184 3318 suum,
2244 3238 2361 3306 nisi

115 3323 281 3382 bona
318 3315 354 3376 fi
400 3323 436 3376 e‘
472 3315 733 3378 hortatus
778 3317 852 3378 sit
891 3319 964 3377 im
1011 3317 1099 3377 ios
1133 3314 1208 3378 'ad
1247 3317 1699 3400 poenitentiam,
1747 3330 1909 3379 reum
1960 3316 2091 3380 fore
2130 3322 2365 3405 sangui-

113 3395 211 3457 nis
251 3393 582 3453 denuntiat:
637 3409 767 3452 nam
819 3393 922 3453 hac
971 3339 1105 3474 sege
1145 3405 1405 3476 pastores
1445 3391 1739 3452 Ecclesiae
1774 3414 1911 3454 suae
1950 3394 2242 3476 praeficit,
2290 3407 2361 3460 ut

24 3501 26 3520 :
113 3471 170 3534 si
221 3471 356 3550 qnid
411 3470 565 3550 perit
613 3487 814 3529 eorum
862 3469 1018 3552 negli
1064 3471 1246 3543 entia,
1296 3469 1447 3529 ratio
1502 3463 1573 3528 ab
1629 3467 1761 3548 ipsis
1813 3485 2176 3551 reposcatur:
2233 3473 2357 3537 imo

115 3545 234 3609 nisi
274 3545 491 3626 absque
531 3543 667 3605 l'ueo
709 3557 768 3604 et
805 3538 1028 3628 amhagi
1077 3568 1140 3605 us
1180 3544 1491 3605 ostendant
1526 3542 1721 3606 salutis
1758 3546 1939 3624 viam,
1985 3559 2052 3608 ut
2098 3549 2209 3610 illis
2246 3551 2359 3610 im-

24 3673 26 3678 .
115 3634 366 3709 putetur
412 3623 727 3681 errantium
775 3622 1058 3682 interitus.
1145 3619 1327 3681 Valde
1376 3631 1566 3680 autem
1616 3624 1876 3716 stupidos
1929 3642 2051 3684 esse
2101 3635 2359 3706 oportet,

117 3699 337 3782 quibus
373 3704 474 3759 tor
517 3715 680 3759 orem
719 3717 839 3759 non
881 3697 1095 3757 excutit
1130 3709 1246 3756 tam
1287 3713 1482 3756 severa
1523 3695 1912 3759 commmatio.
1993 3701 2134 3776 Quo
2173 3701 2357 3784 magis

115 3783 184 3840 se
278 3773 432 3834 rodit
533 3773 765 3855 picurea
801 3773 885 3832 Pa
930 3773 1027 3832 alis
1088 3772 1228 3832 cleri
1285 3771 1577 3853 impietas:
1638 3775 1741 3834 uhi
1788 3791 1963 3856 quum
2016 3777 2356 3860 magnificos

113 3855 234 3916 titu
261 3871 326 3912 os
365 3865 628 3933 crepent,
669 3849 741 3909 de
779 3850 881 3909 red
927 3845 1088 3910 enda·
1109 3859 1202 3907 tot
1237 3853 1603 3928 pereuntium
1643 3851 1957 3912 animarum
1997 3854 2225 3912 ratione
2263 3853 2355 3912 ni-

117 3929 244 3992 hilo
284 3923 730 4008 plus'cogitant,
772 3935 940 4007 quam
979 3925 1028 3986 si
1068 3920 1255 3988 nullus
1291 3923 1525 3985 sederet
1559 3927 1616 3986 in
1659 3929 1828 3987 coelo
1859 3927 2057 4002 Iudex,
2096 3938 2207 3990 nec
2244 3929 2355 3988 mi-

117 4023 231 4070 nus
313 4003 467 4064 utlda
510 4015 595 4064 est
634 4013 836 4082 eoruut
877 3998 1212 4082 improbitas
1252 4009 1444 4062 c'oram
1486 4011 1614 4062 toto
1654 4003 1906 4079 mundo,
1953 4003 2355 4087 quod1deglu-

115 4027 334 4142 tiemsss
369 4085 609 4140 'tantum
658 4073 860 4139 ovibus
913 4076 1122 4138 intenti
1168 4073 1473 4138 Pastorum
1513 4091 1727 4140 nomen
1779 4076 2073 4160 usin-pant.
2160 4080 2351 4141 Porro

120 4177 300 4238 quam
339 4175 496 4218 caras
549 4155 760 4217 habeat'
805 4155 1018 4216 animas
1058 4153 1311 4216 ostendit
1345 4153 1666 4229 Dominus,
1714 4163 1841 4234 tam·
1870 4167 2094 4218 atroces
2128 4155 2211 4218 ‘de'
2242 4154 2356 4220 Pa-

117 4227 608 4318 stor6m‚.ignavia
645 4253 864 4315 poenas
904 4232 1133 4318 exigens
1172 4231 1249 4293 ob
1289 4229 1514 4328 illarum
1554 4229 1817 4294 exitium:
1878 4231 2039 4320 atqui
2074 4229 2354 4318 videmus,
