2788 4713
1696 200 1728 229 Ι

1122 232 1418 300 CAPUT
1455 239 1528 301 X·-
1627 226 1636 233 ’
2343 248 2462 311 209

182 386 417 447 fructus
477 381 551 441 ad
600 398 711 443 nos
759 399 946 462 usque
992 380 1279 462 pervenit.
1364 382 1596 447 Eodem
1633 383 1815 446 modo
1853 385 2099 461 Pauius,
2149 396 2461 469 postquam

184 462 397 524 docuit
436 456 741 522 Christum
779 478 903 519 esse
942 478 1145 539 pacem
1184 470 1478 536 nostram,
1500 482 1637 537 mox
1673 461 1940 538 subiicit,
1978 464 2178 545 Ipsum
2216 468 2464 536 venisse,

182 550 254 599 ut
292 555 510 679 pa⁷cem
549 534 925 596 annuntiaret
973 535 1074 611 iis,
1128 534 1229 616 qui
1276 557 1466 618 prope
1508 548 1676 598 erant
1723 549 1787 598 et
1821 540 1923 618 qui
1959 540 2170 621 procul
2215 541 2462 627 (Ephes.

182 620 259 691 2’
310 614 448 755 13¹7).
522 686 725 748 Nostis
758 684 1005 747 uerbum.
1084 684 1341 748 Constat
1376 684 1524 749 baec
1563 688 1726 750 Petri
1765 681 2270 757 concio-duobus
2289 710 2463 775 prae»

191 767 377 847 cipue
412 763 705 825 membris.
781 764 931 824 Nam
1014 764 1169 826 riore
1215 764 1350 826 loco
1390 762 1688 826 historiam
1729 767 1970 838 recitat,
2010 766 2222 828 deinde
2263 772 2335 831 ad
2375 771 2466 829 hi-

194 842 423 913 storiae
463 840 715 901 fructum
752 840 964 901 descen
1012 841 1071 899 it.
1148 840 1298 901 Nam
1351 862 1531 921 quum
1583 842 1862 903 adventus
1903 840 2127 903 Christi
2181 845 2242 905 in
2293 868 2468 906 mun-

199 919 379 991 dum,
422 937 578 977 mors
618 929 677 977 et
714 917 1100 991 resurrectio,
1146 917 1389 977 materia
1428 917 1549 979 sint
1583 917 1779 979 salutis
1819 930 2084 994 nostrae,
2135 934 2260 980 non
2299 920 2470 981 aliter

200 995 463 1090 proponi
499 993 559 1053 in
595 993 839 1055 salutem
869 982 1145 1055 Christus'
1168 1004 1390 1074 potest,
1427 1010 1597 1074 quam
1633 996 1683 1055 si
1757 995 1908 1055 rimo
1941 1007 2244 1058 teneamus
2277 998 2470 1087 ipsum

204 1070 459 1133 induisse
494 1090 729 1130 earnem
770 1082 1052 1143 nostram,
1088 1069 1169 1130 ita
1207 1080 1494 1129 versatum
1535 1070 1693 1131 inter
1773 1072 2019 1147 omines,
2060 1083 2127 1132 ut
2161 1092 2223 1132 se
2253 1073 2470 1133 Filium

204 1147 325 1209 Dei
364 1146 533 1207 certis
570 1145 917 1207 testimoniis
955 1165 1081 1206 esse
1118 1145 1464 1227 probarent,
1500 1146 1738 1207 tandem
1779 1148 1940 1208 cruci
1979 1146 2214 1209 affixum
2256 1160 2318 1209 et
2348 1144 2470 1209 Dei

202 1226 419 1287 virtute
457 1222 762 1283 excitatum
803 1244 836 1283 a
874 1221 1137 1283 mortuis.
1240 1222 1492 1283 Rursum
1531 1244 1608 1283 ne
1649 1224 1863 1308 frigida
1905 1236 1966 1291 et
2001 1224 2221 1285 inutilis
2260 1225 2338 1285 sit
2373 1224 2472 1284 bi-

200 1300 422 1363 storiae
460 1298 760 1381 cognitio,
807 1296 978 1360 simul
1016 1297 1330 1361 tradendus
1372 1310 1459 1359 est
1493 1298 1658 1375 finis,
1708 1322 1814 1361 cur
1863 1320 1932 1360 ex
1986 1299 2172 1383 gloria
2222 1299 2470 1362 coelesti

200 1376 265 1439 in
314 1374 599 1436 mundum
651 1375 1048 1450 descenderit,
1112 1397 1217 1437 cur
1262 1386 1516 1435 mortem
1565 1378 1752 1439 crucis
1801 1378 2112 1459 pertulerit
2159 1389 2277 1439 tam
2326 1392 2472 1459 pro-

200 1454 439 1515 brosam
490 1450 646 1542 apud
697 1450 962 1512 homiues
1010 1463 1072 1512 et
1110 1451 1229 1512 Dei
1278 1472 1387 1512 ore
1434 1450 1822 1514 maledictam.
1891 1453 2204 1516 Tradenda
2243 1465 2332 1515 est
2369 1471 2470 1514 re-

200 1528 587 1593 surrectionis
636 1548 837 1602 causa,
884 1528 1043 1589 unde
1080 1527 1293 1589 borum
1333 1529 1594 1589 omnium
1634 1528 1882 1591 effectus
1921 1530 2261 1610 fructusque
2301 1530 2471 1592 ‘colli-

204 1608 397 1691 gitur,
446 1624 661 1684 nempe
702 1605 861 1685 quod
903 1604 1223 1667 exinanitus
1271 1605 1455 1665 fuerit
1493 1605 1788 1680 Christus,
1838 1616 1904 1666 ut
1954 1627 2068 1669 nos
2106 1606 2208 1699 qui
2296 1606 2473 1667 erditi

206 1700 439 1745 eramus
495 1681 557 1741 in
618 1681 1039 1742 beatitudinem
1100 1678 1392 1765 integram
1450 1680 1813 1744 restitueret:
1883 1682 2044 1763 quod
2103 1629 2294 1744 s1mui'
2336 1700 2470 1743 cum

208 1780 386 1822 carne
433 1768 633 1817 nostra
681 1756 1003 1817 fraternum
1054 1776 1193 1841 erga
1240 1777 1351 1819 nos
1398 1777 1658 1817 amorem
1707 1758 1990 1833 induerit:
2042 1760 2201 1838 quod
2242 1768 2472 1821 nostras

208 1837 272 1898 in
310 1856 375 1897 se
414 1833 781 1895 infirmitates
818 1835 1139 1914 suscipiens
1174 1850 1371 1894 earum
1407 1854 1592 1895 onere
1623 1855 1734 1896 nos
1771 1834 2000 1897 levarit:
2041 1836 2203 1928 quod
2231 1847 2473 1917 peccata

208 1924 411 1975 nostra
446 1908 651 1971 mortis
690 1930 827 1971 suae
864 1910 1151 1972 sacrificio
1192 1910 1525 1991 expiaverit,
1565 1920 1631 1971 ut
1665 1910 1900 1972 Patrem
1941 1911 2112 1972 nobis
2151 1914 2472 1993 propitium

212 1988 521 2051 redderet:
574 1986 734 2067 quod
783 1985 975 2048 victor
1022 2006 1090 2047 ex
1136 1998 1328 2048 morte
1378 2008 1684 2070 emergens
1731 1984 1904 2049 vitam
1953 1998 2249 2049 aeternam
2299 1989 2472 2049 nobis

211 2062 578 2147 acquisierit:
618 2062 783 2155 quod
811 2060 1041 2123 coelum
1080 2084 1187 2124 suo
1227 2064 1492 2159 ingressu
1531 2064 1704 2125 nobis
1732 2064 2105 2147 patefecerit:
2149 2059 2307 2144 quod
2345 2072 2481 2125 tota‘

212 2144 297 2203 vis
338 2140 699 2222 Spiritus.1n
750 2157 883 2199 eum
931 2139 1115 2201 effusa
1160 2140 1367 2215 fuerit,
1417 2153 1482 2201 ut
1529 2154 1640 2203 nos
1689 2162 1802 2203 sua·
1837 2140 2190 2203 abundantia
2241 2141 2473 2204 ditaret.

214 2218 394 2279 Hunc
432 2214 687 2277 docendi
724 2216 994 2276 ordinem
1032 2228 1224 2278 servat
1259 2217 1492 2292 Petrus,
1531 2239 1707 2297 quum
1749 2218 2050 2278 exordium
2087 2216 2227 2277 facit
2261 2218 2336 2277 ab
2379 2216 2473 2293 hia·-

215 2296 399 2358 storia
448 2292 781 2376 Evangelii:
840 2305 1046 2374 postea
1092 2313 1236 2355 vero
1290 2294 1680 2366 demonstrat,
1729 2294 1867 2374 quid
1920 2294 2092 2353 nobis
2143 2294 2363 2355 Christi
2411 2293 2477 2353 in

216 2385 435 2434 terram
475 2370 817 2440 descensus,
870 2370 1008 2450 quid
1057 2391 1215 2430 mors
1263 2382 1325 2431 et
1369 2371 1723 2431 resurrectio
1773 2367 2091 2430 attulerint.
2167 2365 2474 2448 Principio

218 2459 439 2520 narrat,
480 2443 767 2506 Ubi-stum
795 2446 1164 2507 Nazarenum
1198 2445 1482 2527 prodiisse
1510 2458 1649 2536 post
1682 2445 1920 2506 Ioannis
1951 2443 2260 2526 Baptisma.
2325 2445 2477 2504 Nam

224 2524 363 2606 quia
410 2523 526 2582 buc
576 2521 893 2582 destinatus
945 2535 1071 2582 erat
1119 2523 1373 2582 loannes
1411 2521 1526 2581 De:
1575 2522 1854 2595 consilio,
1903 2531 1969 2580 ut
2007 2519 2212 2602 populi
2252 2522 2478 2592 animos

226 2601 485 2694 erigeret
530 2597 601 2658 ad
641 2598 862 2660 Christi
900 2615 993 2660 exs
1037 2599 1422 2671 ectationem,
1469 2617 1594 2658 non
1643 2597 1849 2658 debuit
1895 2597 2040 2659 haec
2127 2613 2217 2656 ars
2267 2591 2479 2664 omitti.

222 2673 487 2739 Eximius
518 2673 635 2735 Dei
670 2675 969 2756 Propheta
1046 2673 1235 2735 abitus
1278 2673 1491 2734 suerat:
1533 2693 1678 2755 ergo
1717 2675 1786 2733 ad
1828 2673 2000 2734 fidem
2043 2619 2282 2736 Christo
2322 2689 2476 2734 asse-

223 2753 471 2815 rendam
506 2751 748 2812 maxime
795 2750 946 2832 apud
995 2751 1167 2812 rudes
1216 2763 1277 2811 et
1324 2749 1647 2812 tirunculos
1688 2771 1809 2819 nou
1849 2771 2048 2830 parum
2087 2749 2318 2810 valebat
2355 2749 2481 2809 eius

222 2830 555 2892 auctoritas.
639 2827 909 2890 Notanda
950 2839 1039 2888 est
1074 2827 1342 2919 loquutio
1414 2828 1575 2906 quod
1621 2826 1874 2886 Ioannes
1913 2827 2268 2908 Baptismum
2305 2841 2482 2906 prae-

222 2905 519 2968 dicaverit.
598 2903 1030 2984 Complectitur
1075 2905 1312 2984 quidem
1412 2923 1544 2964 ucas
1593 2902 1701 2964 sub
1751 2902 2046 2979 Baptismi
2093 2919 2238 2964 voce
2280 2906 2482 2964 totum

220 2977 462 3044 Ioannis
508 2979 920 3057 ministerium,
968 2980 1069 3042 sed
1122 2981 1347 3040 interea
1394 2977 1700 3054 admonet,
1751 3001 1874 3040 non
1927 2979 2099 3041 fuisse
2123 2990 2363 3052 'mutum
2401 2977 2482 3038 si-

220 3079 407 3144 gnum
445 3069 511 3118 et
546 3057 813 3118 doctrina
851 3077 1114 3120 vacuum.
1207 3057 1288 3117 Et
1326 3068 1486 3118 certe
1527 3057 1742 3134 hocin
1783 3055 2168 3124 sacramentis
2207 3054 2482 3116 omnibus
2559 3061 2566 3072 ’

224 3145 403 3216 caput
442 3145 561 3210 est,
608 3145 679 3196 ut
710 3133 829 3194 Dei
864 3132 1105 3197 verbum
1156 3130 1276 3194 illic
1322 3133 1676 3215 insculptum
1721 3133 2012 3216 reiulgeat
2060 3145 2120 3195 et
2168 3131 2322 3194 clara
2371 3151 2484 3194 vox

272 3221 529 3272 ersonet.
624 3209 767 3284 Quo
814 3213 996 3292 magis
1047 3209 1385 3271 detestanda
1435 3222 1524 3270 est
1567 3210 1742 3302 impia
1789 3209 2158 3290 profanatio,
2207 3228 2357 3290 quae
2417 3208 2481 3268 iu

224 3234 455 3368 f’apam
500 3287 792 3361 cernitur,
852 3284 1009 3367 quod
1065 3285 1291 3366 sepulta
1340 3277 1780 3368 praedicatione
1830 3287 2201 3348 Sacramenta
2249 3283 2482 3368 magico

226 3375 458 3426 tautum
496 3382 793 3422 murmure
828 3363 1149 3423 incantant.
2255 3375 2264 3390 ⁸

378 3443 477 3506 38.
550 3437 747 3500 lesum
780 3459 823 3498 a
854 3435 1175 3500 Nazareth.
1268 3436 1383 3498 Hic
1418 3437 1788 3500 Nazarenum
1826 3436 2112 3521 appellat,
2159 3458 2286 3498 nou
2323 3436 2490 3517 quod

226 3507 351 3577 illic
398 3525 570 3578 natus
622 3515 830 3592 fuerit,
874 3515 977 3576 sed
1028 3516 1163 3607 quia
1208 3515 1346 3574 inde
1394 3514 1681 3596 prodierit
1732 3513 1804 3576 ad
1851 3537 2061 3576 munus
2109 3535 2274 3578 suum
2327 3533 2489 3575 exse·-

276 3589 567 3666 u'endum‚
614 3587 825 3668 deinde
863 3589 997 3673 quia
1049 3591 1377 3652 invaluerat
1414 3589 1590 3674 vulgo
1630 3589 1745 3651 hoc
1785 3610 2136 3674 cognomen.
2241 3588 2490 3650 Uticam·

230 3612 377 3728 dicit
424 3667 651 3748 Spiritu
702 3680 766 3729 et
812 3669 1028 3728 virtute
1076 3681 1184 3748 per
1228 3660 1602 3750 hypallagen.¹
1687 3665 1836 3726 Nam
1896 3668 2160 3748 potentia
2219 3687 2334 3748 qua
2391 3685 2491 3725 ex-

232 3743 437 3804 celluit
490 3743 756 3812 Christus
804 3765 929 3806 non
976 3743 1211 3804 aliunde
1262 3763 1431 3822 quam
1489 3763 1522 3802 a
1571 3741 1796 3822 Spiritu
1847 3755 1990 3803 erat.
2095 3745 2260 3835 Ergo
2311 3743 2491 3802 Pater

232 3819 507 3882 coelestis
540 3820 753 3881 Filium
791 3841 957 3883 suum
994 3819 1272 3902 ungendo
1311 3817 1562 3898 Spiritus
1599 3821 1688 3879 sui
1727 3819 1995 3900 potentia
2035 3839 2166 3878 eum
2207 3817 2489 3879 instruxit.

234 3895 492 3957 Subiicit
537 3898 824 3958 contiuuo
872 3898 1117 3971 Petrus,
1172 3898 1450 3954 oirmm³
1483 3895 1631 3955 hanc
1683 3915 1756 3976 ap
1801 3899 2018 3956 aruisse
2065 3893 2125 3955 in
2172 3891 2492 3954 miraculis:

234 3974 466 4034 tametsi
504 3975 759 4066 speciem
800 3995 975 4033 unam
1014 3973 1227 4033 diserte
1268 3969 1568 4051 exprimit,
1622 3993 1739 4054 quo
1807 3982 2058 4038 ,testatus
2101 3971 2277 4029 fuerit
2317 3966 2493 4027 Chri-

236 4060 361 4112 stus
402 4049 655 4131 Spiritus
696 4049 881 4112 sancti
911 4049 1124 4109 virtute
1158 4067 1223 4110 se
1245 4047 1617 4140 praeditum,
1651 4058 1722 4108 ut
1749 4048 2046 4108 beneficus
2077 4057 2228 4106 esset
2251 4043 2491 4102 mundo.

236 4125 450 4206 Neque
502 4127 657 4186 enim
704 4125 1019 4186 terrificam
1053 4123 1170 4186 Dei
1205 4135 1480 4185 virtutem
1524 4125 1590 4184 in
1643 4125 1770 4206 ipso
1821 4125 2001 4184 exseri
2051 4120 2343 4202 oportuit,
2391 4118 2495 4180 sed

241 4221 405 4282 quae.
441 4202 599 4264 suavi
641 4189 931 4264 bonitatis
992 4211 1053 4262 et
1097 4201 1319 4284 gratiae
1366 4210 1538 4282 gustu
1589 4201 1872 4260 mundum
1927 4198 2188 4260 alliceret
2237 4195 2310 4255 ad
2363 4216 2497 4256 cum

242 4279 553 4338 amandum
592 4289 656 4340 et
694 4274 1097 4372 expetendum.
1181 4275 1478 4337 Unctioni:
1512 4277 1876 4358 metaphora,
1916 4295 2090 4356 quum
2131 4273 2204 4332 de
2243 4271 2496 4353 Spiritus

244 4356 442 4416 sancti·
473 4355 642 4416 donis
671 4366 901 4440 agitur,
950 4352 1086 4415 satis
1120 4353 1259 4415 trita
1298 4363 1416 4416 est:
1473 4373 1634 4416 nunc
1677 4353 1749 4413 ad
1791 4349 2012 4413 Christi
2049 4365 2357 4431 personam
2397 4369 2496 4412 ac·-

300 4453 488 4500 canu-s
512 4465 758 4503 «ιο-ιω.
780 4455 963 4502 swam
976 4453 1143 4514 Apo-e.
1821 4433 1900 4492 14
