2788 4713
344 258 466 324 ω
535 212 551 219 ’
609 281 614 289 ·
715 194 724 213 ’
771 214 778 221 ’
1148 246 1238 313 m
1273 245 1503 313 ACTA
1538 242 1831 313 Aros‘r.

355 398 530 461 dicet.
628 394 778 457 Nam
827 390 1040 455 eodem
1099 393 1233 454 iure
1279 390 1437 455 coeli
1490 403 1801 473 terraeque
1850 390 2163 472 imperium
2220 402 2284 453 et
2340 410 2417 472 pe
2492 400 2637 453 etna

354 473 652 537 Ecclesiae
683 470 1038 555 gubernatio
1070 468 1160 530 illi
1194 472 1488 531 asseritur.
1564 464 1853 529 vaomn
1890 482 1944 528 et
1978 482 2335 529 mortuorum
2372 470 2430 528 iu
2476 468 2637 529 icem

231 533 234 544 Ι
301 582 310 613 .·
356 554 491 635 fore
520 548 685 611 dicit:
729 549 865 628 quia
900 544 1004 607 nbi
1037 546 1463 607 resurrexerint
1496 546 1743 619 mortui,
1781 544 1957 604 etiam
1997 544 2093 604 alii
2132 544 2233 625 qui
2271 556 2414 605 tnnc
2456 556 2639 605 erunt

357 626 700 709 superstites
747 634 1052 683 momento
1099 622 1592 684 immutabuntur:
1654 620 2143 702 quemadmodum
2200 620 2377 683 docet
2411 620 2635 681 Paulus

359 704 411 765 1.
452 698 723 767 Corinth.
762 706 859 775 15,
897 704 991 765 51.
1031 706 1124 765 52.
1177 712 1238 759 et
1273 698 1323 757 I.
1364 696 1627 758 Thessal.
1666 704 1727 773 4,
1766 704 1861 763 17.
1948 696 2021 757 In
2061 697 2247 758 verbo
2286 696 2643 777 senefiam&

359 781 563 843 subest
608 775 874 859 pondus,
932 774 1064 855 quia
1112 786 1181 836 ut
1235 783 1440 835 natura
1504 773 1576 833 ad
1634 773 2106 833 incredulitatem
2156 774 2439 855 propensi
2492 786 2640 835 sunt

359 856 659 927 homines,
714 854 904 913 minus
963 849 1259 912 efficaciae
1319 872 1388 911 ac
1442 846 1665 933 'vigoris
1728 849 1977 909 haberet
2032 848 2276 930 simplex
2322 848 2639 943 Evangelii

403 929 752 1005 medicatio,
815 928 924 988 nisi
987 948 1114 987 eam
1173 926 1475 989 Dominus.
1528 925 1735 987 validis
1799 925 2297 988 obtestationibus
2358 938 2637 989 sanciret.

359 956 714 1069 Praesertim
761 1025 904 1065 vero
955 1004 1086 1083 plus
1133 1006 1266 1063 satis
1315 1004 1563 1083 quisque
1612 1014 1879 1063 nostrum
1938 1002 1999 1063 in
2056 1023 2118 1062 se
2182 1002 2394 1077 sentit,
2454 1023 2640 1083 quam

361 1084 602 1145 difficile
639 1082 746 1156 sit,
804 1093 930 1141 tum
967 1092 1195 1140 mentes
1245 1081 1494 1141 terrenis
1549 1078 1769 1159 laqueis
1818 1077 2127 1171 implicitas
2164 1078 2239 1139 ad
2276 1078 2639 1159 sperandum

363 1160 586 1224 Christi
625 1157 934 1219 adventum
972 1177 1146 1237 supra
1187 1155 1390 1217 coelos
1432 1157 1692 1238 erigere,
1738 1166 1865 1215 tum
1916 1176 1979 1214 in
2028 1155 2255 1215 assidua
2293 1156 2400 1215 hac
2440 1156 2639 1215 medi-

359 1239 586 1299 tatione
623 1248 832 1295 tenere
871 1232 1116 1307 defixas,
1165 1233 1400 1314 quando
1441 1254 1564 1295 non
1604 1231 1879 1293 desinunt
1914 1251 2019 1292 sua
2058 1228 2296 1293 levitate
2335 1230 2453 1293 huc
2489 1232 2639 1293 illue

311 1362 320 1371 .
363 1337 424 1377 ra
473 1313 603 1375 tari.
2540 1320 2551 1335 ·

427 1336 466 1396 Ρ
512 1394 607 1453 43.
681 1386 850 1447 Huic
895 1404 1090 1445 onnes
1132 1380 1473 1461 stapham
1560 1382 1857 1445 Summam
1910 1380 2250 1460 concinnis,
2296 1396 2363 1445 ut
2412 1382 2637 1445 dictum

353 1472 484 1540 est,
532 1466 742 1538 cursim
791 1462 1136 1546 perstringit
1173 1462 1389 1523 Lucas:
1438 1461 1576 1524 ideo
1626 1473 1747 1521 tam
1796 1459 1989 1522 brevis
2043 1474 2132 1523 est
2178 1460 2257 1521 in.
2294 1462 2493 1523 fructu
2546 1461 2641 1521 hi-

359 1542 578 1603 storiae
616 1539 880 1600 notando
921 1536 1012 1597 vel
1053 1538 1248 1619 potius
1289 1539 1575 1600 concisus.
1646 1538 1908 1598 Sciamus
1951 1556 2017 1597 er
2058 1559 2126 1612 o,
2180 1536 2275 1599 hic
2314 1559 2439 1598 non
2481 1537 2638 1599 reci-

361 1615 508 1691 tari,
557 1636 706 1710 quae
743 1614 920 1676 verba
959 1614 1170 1675 Petrus
1211 1614 1446 1675 fecerit:
1506 1612 1611 1676 sed
1658 1626 1886 1675 tantum
1978 1637 2037 1676 ιιι
2084 1636 2149 1675 us
2190 1614 2263 1673 de
2302 1613 2479 1675 rebus
2520 1614 2641 1675 dis-

363 1704 613 1755 seruerit
659 1689 927 1753 indicari.
1005 1684 1146 1751 Tria
1197 1704 1392 1751 autem
1442 1690 1540 1753 hic
1588 1690 1935 1753 consideran
1981 1712 2013 1751 a
2060 1702 2225 1752 suntz
2276 1690 2439 1771 quod
2486 1710 2637 1771 pro-

409 1770 555 1830 rium
609 1764 830 1833 Christi
890 1766 968 1827 sit
1016 1789 1256 1842 munus,
1316 1765 1551 1829 abolitis
1608 1766 1862 1848 peccatis
1922 1766 2306 1829 reconciliare
2366 1767 2639 1828 homines

363 1792 528 1908 Beo:
603 1844 762 1925 quod
830 1844 947 1904 fide
1021 1864 1453 1921 consequamur
1512 1856 1890 1925 peccatorum
1958 1843 2390 1905 remissionem:
2470 1842 2639 1923 quod

365 1924 509 1984 haec
547 1921 816 1983 doctrina
857 1920 978 1981 non
1019 1940 1170 1979 nova
1208 1932 1309 1980 aut
1347 1941 1539 1999 nuper
1578 1918 1859 1980 fabricata
1895 1920 2004 1996 sit,
2052 1921 2155 1980 sed
2203 1920 2316 1981 iam
2369 1917 2509 1979 olim
2557 1920 2636 1981 ab

366 1999 587 2061 ultimis
639 1997 884 2058 saeculis
943 2008 1120 2057 testes
1160 1995 1435 2057 habuerit
1480 2016 1687 2057 omnes
1733 1994 1850 2055 Dei
1902 1997 2247 2077 Prophetas.
2298 1996 2516 2071 'Quod
2560 1995 2640 2057 ad

411 2076 618 2135 timum
657 2084 916 2155 spectat,
967 2072 1018 2133 si
1055 2071 1219 2133 Deus
1272 2073 1445 2133 nobis
1498 2084 1771 2153 pacatur,
1823 2084 2065 2152 peccata
2113 2094 2237 2133 non
2288 2072 2639 2152 imputando

361 2098 508 2213 Kin‘c
547 2161 798 2226 constat,
836 2161 1031 2210 totum
1071 2148 1386 2209 humanum
1428 2167 1614 2231 genus
1654 2168 1889 2209 exosum
1928 2149 2017 2209 illi
2058 2169 2183 2211 esse
2222 2162 2283 2210 et
2320 2148 2639 2223 infensum,

369 2228 570 2289 donee
623 2246 733 2307 per
793 2226 1108 2308 gratuitam
1167 2222 1402 2286 veniam
1506 2224 1697 2286 lacere
1767 2224 2027 2305 incipiat.
2141 2226 2349 2318 Itaque
2406 2226 2641 2306 peccati

369 2304 709 2366 damnamur
748 2322 987 2377 omnes,
1023 2301 1199 2437 §¹¹⁰⁶
1239 2322 1350 2362 nos
1388 2323 1455 2363 sn
1501 2301 1629 2362 iicit
1666 2302 1786 2362 irae
1824 2301 1943 2362 Dei
1993 2314 2057 2364 et
2098 2316 2311 2366 mortis
2358 2315 2640 2364 aeternae

368 2393 536 2443 reatu
575 2378 945 2464 constringit.
1077 2391 1106 2438 t
1152 2379 1288 2459 quia
1335 2379 1558 2440 iustitia
1610 2378 1980 2439 destituimur
2026 2401 2061 2438 a
2102 2380 2181 2440 ud
2230 2400 2369 2456 nos,
2422 2379 2639 2440 confu-

414 2477 514 2518 ere
555 2455 839 2518 docemur
875 2455 947 2516 ad
984 2455 1102 2514 Dei
1140 2455 1630 2530 misericordiam,
1676 2467 1955 2534 tanquam
2004 2478 2039 2517 a
2118 2457 2355 2518 unicum
2394 2453 2637 2536 asylum.

365 2479 578 2610 {uum
620 2531 767 2594 dicit
802 2531 1002 2594 fideles
1039 2535 1301 2608 accipere
1337 2531 1740 2596 remissionem
1782 2545 2180 2613 peccatorum,
2218 2534 2420 2593 subest
2458 2535 2641 2594 tacita

371 2613 533 2672 inter
581 2609 738 2690 ipsos
788 2619 850 2668 et
892 2608 1092 2668 Deum
1141 2608 1465 2671 antithesis.
1551 2607 1785 2689 Sponte
1834 2609 1989 2668 enim
2028 2629 2059 2668 a
2096 2607 2235 2669 Deo
2277 2609 2487 2671 offerri
2527 2629 2641 2670 ne·-

374 2707 536 2750 cesse
575 2697 694 2760 est,
740 2696 808 2746 ut
859 2684 1072 2744 deinde
1119 2683 1320 2746 fideles
1370 2686 1495 2746 acci
1539 2685 1677 2746 iant.
1779 2684 1979 2761 Quum
2032 2683 2171 2746 dicit
2218 2685 2479 2746 conferri
2531 2706 2642 2766 per

375 2762 596 2825 Christi
642 2782 881 2836 nomen,
929 2759 1218 2843 significat
1265 2762 1438 2821 unius
1538 2761 1701 2822 bristi
1749 2760 2043 2822 beneficio
2088 2783 2204 2824 nos
2257 2762 2454 2822 redire
2502 2781 2643 2823 cum

372 2839 510 2900 Deo
551 2839 612 2898 in
653 2839 928 2919 gratiam,
977 2839 1116 2916 quia
1153 2837 1380 2898 scilicet
1424 2837 1591 2898 illum
1638 2837 1820 2898 semel
1858 2850 2051 2900 morte
2088 2859 2193 2900 sua
2231 2838 2405 2899 nobis
2443 2837 2643 2919 placa-

374 2916 489 2977 vit:
530 2910 620 2973 vel
661 2912 1149 3005 quemadmodum
1187 2912 1365 2996 vulgo
1406 2913 1749 2993 loquuntur,
1786 2913 2079 2976 mediante
2114 2913 2249 2976 solo
2282 2914 2525 2976 Christo
2566 2937 2641 2976 ac

375 2988 549 3051 nullis
601 2987 724 3048 alus
773 2987 980 3046 mediis
1030 3009 1140 3047 nos
1189 3001 1566 3068 peccatorum
1614 2989 2015 3051 remissionem
2068 2990 2371 3071 consequi.
2466 2991 2642 3052 Nun-

376 3085 551 3148 quam
591 3084 660 3132 ex
696 3062 902 3122 animis
941 3061 1244 3124 hominum
1286 3064 1485 3124 delere
1538 3078 1733 3127 reatus
1784 3067 1871 3126 sui
1918 3087 2151 3128 sensum
2202 3067 2396 3149 potuit
2435 3067 2643 3144 Satan,

377 3141 521 3224 quin
563 3140 636 3200 de
675 3137 928 3220 petenda
968 3160 1001 3199 a
1037 3137 1172 3199 Deo
1214 3139 1382 3200 venia
1420 3139 1661 3202 solliciti
1702 3155 1925 3203 essent:
1964 3142 2068 3205 sed
2107 3166 2287 3225 quum
2327 3164 2444 3205 una
2482 3157 2641 3209 esset

375 3215 738 3279 obtinendae
773 3215 980 3276 veniae
1020 3215 1170 3276 ratio
1209 3228 1270 3277 et
1305 3215 1429 3288 via,
1476 3217 1671 3278 miseri
1710 3217 1977 3282 homines
2018 3221 2268 3284 Satanae
2308 3223 2525 3301 praesti
2568 3221 2641 3283 iis

377 3291 564 3355 delusi
603 3293 782 3352 miros
827 3291 944 3354 sibi
992 3290 1358 3372 labyrinthos
1397 3293 1717 3368 finxerunt,
1765 3315 1871 3375 per
1909 3317 2161 3388 quorum
2200 3296 2470 3390 ambages
2536 3319 2641 3357 ru-

375 3382 496 3432 stra
532 3389 596 3429 se
633 3369 964 3452 fatigarent.
1028 3368 1259 3428 Primus
1299 3366 1392 3429 hic
1432 3389 1602 3430 error
1636 3392 1668 3432 a
1708 3383 1870 3432 recta
1899 3395 1991 3434 via
2032 3393 2134 3434 eos
2173 3373 2431 3448 abduxit,
2473 3374 2642 3454 quod

376 3457 682 3508 tentarunt
727 3444 1054 3525 promereri
1110 3445 1365 3521 veniam,
1430 3466 1578 3526 quae
1630 3449 1883 3530 gratuita
1934 3447 2190 3510 offertur
2243 3461 2306 3510 et
2354 3450 2644 3531 recipitur

378 3522 501 3584 sola
549 3521 680 3581 fide.
755 3521 972 3582 Postea
1033 3523 1305 3584 inventae
1369 3535 1507 3583 sunt
1564 3521 1909 3586 innumerae
1969 3524 2333 3607 piaculorum
2392 3529 2645 3610 species,

369 3598 591 3680 quibus
626 3596 762 3658 Deo
801 3597 1158 3658 satisfactum
1186 3609 1302 3674 ·est.
1379 3597 1606 3662 Eorum
1654 3601 1891 3680 quidem
1939 3603 2110 3685 origo
2162 3623 2231 3663 ex
2280 3603 2401 3664 Dei
2449 3602 2641 3666 verbo

377 3675 660 3750 manavit,
720 3672 822 3733 sed
917 3695 1054 3734 uum
1106 3673 1267 3738 Deus
1315 3675 1595 3738 sacrificia
1646 3689 1705 3736 et
1753 3675 2119 3738 oblationum
2170 3681 2314 3740 ritus
2362 3679 2642 3742 Patribus

379 3749 793 3814 commendans
825 3749 876 3810 C
923 3751 1122 3812 ristum
1163 3751 1555 3827 adumbraret,
1594 3751 1761 3829 coeci
1800 3765 1860 3813 et
1896 3753 2129 3835 profani
2160 3753 2431 3818 homines
2464 3755 2645 3819 Chri-

377 3839 473 3890 sto
524 3824 860 3909 posthabito
912 3825 1142 3888 inanem
1193 3827 1457 3890 umbram
1505 3841 1829 3906 sectantes,
1894 3830 2176 3912 quicquid
2222 3832 2341 3894 Dei
2395 3843 2523 3895 erat
2577 3833 2644 3894 in

377 3904 619 3987 piaculis
655 3902 1073 3964 adulterarunt.
1153 3903 1356 3978 Quare
1403 3925 1788 3986 quaecunque
1835 3905 1907 3967 ab
1960 3908 2202 3970 exordio
2255 3910 2460 3970 mundi
2510 3906 2647 3989 pia-

381 3982 509 4044 cula
557 3981 618 4040 in
667 4003 772 4041 usu
825 3979 1062 4051 fuerunt
1099 3981 1407 4062 gentihus,
1466 3993 1529 4042 et
1575 4002 1724 4064 quae
1771 3981 1947 4045 hodie
1995 3998 2134 4048 sunt
2168 3981 2381 4048 Turcis
2430 3985 2645 4060 aeJu-

380 4057 576 4134 daeis‚
617 4055 855 4120 Christo
896 4077 1196 4137 opponere
1237 4055 1376 4118 licet
1412 4071 1685 4140 tanquam
1725 4081 1817 4127 res
1854 4059 2088 4140 penitus
2128 4055 2468 4125 contrarias.
2530 4058 2647 4122 Ni-

379 4133 502 4195 hilo
543 4133 812 4194 meliores
851 4145 988 4193 sunt
1023 4132 1324 4216 Papistae‚
1371 4132 1484 4202 nisi
1526 4135 1685 4228 quod
1732 4132 1847 4198 suis
1885 4137 2377 4203 satisfactionibus
2418 4131 2646 4200 Christi

379 4213 718 4292 sanguinem
757 4221 1098 4292 aspergunt:
1141 4209 1241 4271 sed
1280 4209 1344 4271 in
1384 4230 1458 4271 eo
1499 4212 1673 4272 nimis
1710 4224 1848 4274 sunt
1886 4234 2023 4294 prae
2068 4215 2271 4288 oster-i,
2313 4215 2475 4295 quod
2514 4236 2645 4278 non

379 4287 648 4348 contenti
695 4307 816 4348 uno
861 4283 1100 4360 Christo
1139 4285 1300 4356 mille
1339 4287 1702 4368 piaculorum
1740 4290 1949 4354 modos
1985 4312 2035 4353 si
2072 4290 2097 4353 i
2136 4291 2399 4372 undique
2436 4312 2646 4354 accer-

376 4371 530 4422 sunt.
590 4361 856 4428 Proinde
893 4363 1152 4452 quisquis
1186 4364 1551 4452 remissionis
1568 4377 1969 4446 ,peccatorum
2004 4387 2247 4448 compos
2288 4368 2451 4454 cupit
2488 4366 2647 4446 fieri,
