2788 4713
1018 231 1288 294 CAPUT
1328 231 1486 294 xv1.
1545 253 1550 258 ·
2253 237 2368 306 317

141 389 395 464 poneret
450 377 707 440 hostium
760 373 1087 452 calumniis,
1126 374 1424 450 ‚abstinuit
1484 395 1514 436 a
1571 375 1758 439 libero
1813 379 2184 442 ceremoniae
2242 395 2373 459 usu,

138 477 317 538 quem
352 455 469 518 sibi
508 457 567 516 in
606 453 926 515 Timotheo
966 451 1247 533 permisit,
1289 474 1468 533 quum
1505 451 1798 514 Ecclesiae
1813 456 2038 516 „utilem
2079 475 2202 518 esse
2241 473 2375 523 cere

138 544 327 596 neret.
404 531 561 592 Hinc
606 529 775 594 facile
812 530 1187 610 perspicitur,
1235 550 1407 608 quam
1455 527 1746 590 horrenda
1792 529 1853 590 in
1890 530 2110 610 Papatu
2149 550 2372 613 grasse·

138 622 239 671 tur
278 607 567 670 confusio.
644 605 962 672 ffimeusus
1000 603 1119 666 illic
1157 616 1244 666 est
1282 605 1742 668 ceremoniarum
1781 623 2042 666 acervus:
2096 627 2374 682 quorsum

140 685 235 759 id,
285 683 393 746 nisi
430 696 497 744 ut
534 705 642 763 pro
682 702 802 743 uno
840 682 1053 742 veteris
1096 680 1297 760 templi
1334 678 1464 740 velo
1506 693 1740 742 centum
1778 679 2136 742 obtendant?
2211 681 2372 746 Deus

188 783 285 822 uas
347 769 720 841 praeceperat
782 757 1166 822 ceremonias·
1200 757 1536 838 abrogavit,
1610 777 1727 835 quo
1788 755 2068 816 illustrior
2121 757 2377 835 fulgeret

141 783 443 918 {vangelii
488 835 727 898 veritas:
782 833 1045 896 homines
1094 854 1273 892 novas
1320 831 1601 893 inducere
1649 832 1770 893 ausi
1821 845 1988 904 sunt,
2041 844 2101 892 et
2139 835 2373 912 quidem

143 911 308 974 nullo
348 905 579 974 servato
616 911 813 972 modo.
889 909 1155 970 Accessit
1188 907 1402 968 deinde
1442 929 1672 988 pravum
1714 919 2139 981 commentum,
2187 909 2378 970 valere

142 1009 240 1050 eas
291 1009 491 1050 omnes
540 986 611 1048 ad
646 987 879 1058 ,cultum
929 985 1071 1045 Dei:
1133 983 1367 1046 tandem
1418 996 1661 1064 sequuta
1715 995 1804 1046 est
1847 983 2134 1046 diabolica
2184 985 2379 1046 meriti

144 1065 369 1125 fiducia.
441 1065 612 1128 Nune
652 1085 831 1154 quum
867 1061 1001 1133 satis
1040 1073 1299 1134 constet,
1335 1059 1480 1122 tales
1521 1061 1879 1122 ceremonias
1918 1081 2028 1120 nee
2067 1059 2194 1122 vela
2233 1081 2378 1138 esse.

142 1161 256 1202 nec
292 1140 555 1221 sepulcra
592 1140 805 1219 quibus
853 1138 1075 1220 tegitur
1113 1135 1416 1212 Christus,
1455 1137 1556 1197 sed
1609 1135 1828 1208 foetida
1853 1137 2062 1217 ,potius
2102 1148 2382 1214 stercora,

142 1217 353 1308 quibus
392 1216 605 1277 obruta
658 1227 747 1276 est
782 1217 1007 1276 sincera
1055 1211 1197 1274 fides
1245 1225 1307 1274 et
1352 1211 1594 1296 religio,
1647 1212 1748 1292 qni
1789 1213 2120 1294 promiscue
2157 1212 2384 1274 faciunt

142 1293 391 1354 hberum
432 1313 631 1354 earum
670 1312 857 1361 usum,
895 1289 1073 1371 longe
1111 1289 1241 1369 plus
1272 1285 1466 1370 Papae
1504 1301 1782 1376 arrogant
1819 1309 1988 1371 quam
2027 1287 2190 1363 Deus
2229 1289 2380 1372 Legi

140 1388 277 1430 suae
318 1367 623 1430 concedat.
699 1367 793 1426 De
832 1364 1007 1426 Missa
1044 1376 1105 1424 et
1138 1365 1417 1426 similibus
1457 1364 1784 1458 spurciciis,
1834 1385 1983 1446 quae
2019 1365 2382 1442 manifestam

140 1447 209 1506 in
244 1465 308 1507 se
346 1442 743 1504 idololatriam
780 1440 1119 1515 continent,
1158 1439 1353 1504 dicere
1388 1441 1538 1502 nibil
1575 1443 1802 1502 attinet.

292 1517 563 1580 Sciebam
596 1515 705 1580 lm
738 1539 955 1585 omnes,
1020 1518 1157 1578 Hoc
1195 1515 1369 1580 fuisse
1404 1518 1569 1578 Pauli
1611 1519 1911 1580 consilium
1949 1515 2230 1582 admonet
2263 1519 2384 1582 Lu·

144 1617 264 1671 cas,
301 1595 621 1656 Timotheo
660 1614 948 1658 accessum
985 1591 1313 1674 patefacere
1350 1593 1422 1654 ad
1462 1593 1732 1670 Iudaeos,
1769 1615 1844 1656 ne
1882 1595 1956 1656 ab
1997 1615 2070 1656 eo
2109 1608 2384 1677 tanquam

144 1672 221 1734 ad
262 1671 499 1732 bomine
538 1669 791 1750 profano
826 1669 1231 1732 abhorrerent.
1308 1669 1625 1746 Noveram,
1664 1669 1880 1751 inquit,
1917 1692 2122 1733 omnes
2159 1684 2384 1754 patrem

146 1759 275 1810 esse
312 1748 435 1806 eius
476 1745 793 1806 Graecum:
834 1764 977 1828 ergo
1018 1745 1155 1826 quia
1195 1745 1351 1810 nulla
1390 1758 1514 1811 erat
1550 1758 1798 1808 matrum
1837 1749 2102 1828 potestas'
2131 1748 2196 1809 in
2235 1747 2384 1824 libe·

144 1845 282 1900 ros,
336 1821 473 1883 satis
498 1823 765 1902 'persuasi
805 1833 968 1884 erant
1006 1843 1129 1882 non
1179 1822 1353 1884 fuisse
1391 1823 1808 1888 circumcisum.
1885 1824 2002 1884 Hic
2041 1824 2234 1885 obiter
2273 1823 2386 1886 ob-

144 1910 381 1962 servent
427 1899 739 1973 Lectores,
798 1898 1227 1978 quammisera
1284 1911 1437 1980 tunc<
1473 1899 1654 1960 fuerit
1698 1899 1902 1980 populi
1945 1901 2062 1961 Dei
2121 1901 2385 1962 servitus.

144 1967 369 2038 Eunica
417 1973 717 2034 Timothei
762 1985 957 2034 ‘mater
1012 1995 1081 2034 ex
1136 1971 1414 2036 tenuibus
1468 1967 1730 2056 reliquiis
1780 1987 1938 2050 erat,
1993 1993 2130 2056 quas
2179 1973 2384 2056 Iudaei

144 2069 385 2134 quoque
418 2049 531 2131 ipsi
570 2047 826 2186 prodigti'i
864 2049 1000 2110 loco
1033 2046 1446 2127 habebantyet
1479 2064 1674 2112 tamen
1714 2053 1936 2113 homini
1977 2053 2279 2114 incredulo
2320 2053 2386 2114 in

146 2124 485 2210 coniugium
528 2127 689 2200 data,
727 2124 766 2185 12
814 2146 949 2188 eros
984 2145 1117 2188 suos
1156 2127 1291 2189 Deo
1330 2149 1558 2191 sacrare
1597 2150 1718 2190 non
1759 2129 2045 2206 audebat,
2079 2129 2280 2190 saltem
2319 2141 2387 2192 ut

146 2203 259 2268 illis
299 2215 599 2264 externum
646 2203 867 2284 g'ratiae
904 2201 1233 2282 symbolum
1274 2203 1466 2266 daret:
1518 2225 1628 2264 nec
1673 2216 1872 2270 tamen
1918 2217 2234 2286 propterea
2282 2205 2386 2265 de·

146 2280 299 2344 stitit
334 2279 513 2340 filium
550 2299 719 2340 sunm
753 2299 788 2338 a
824 2299 1010 2360 puero
1054 2292 1251 2340 sancte
1298 2280 1359 2340 in
1398 2281 1514 2340 Dei
1549 2281 1763 2342 timore
1799 2301 2059 2362 veroque
2097 2280 2257 2341 cultu
2294 2281 2390 2354 in-‚

144 2359 405 2419 stituere.
480 2353 818 2435 Exemplum
866 2371 1004 2414 sane
1052 2351 1285 2415 feminis
1332 2350 1710 2429 imitandum,
1759 2378 1900 2435 quas
1933 2361 2242 2435 tyrannico
2283 2359 2389 2416 im-

147 2434 316 2515 perio
358 2430 659 2494 deterrent
694 2430 919 2505 mariti,
966 2450 1042 2489 ne
1088 2430 1309 2491 liberos
1358 2442 1418 2490 et
1467 2430 1738 2491 familiam
1781 2443 1932 2492 caste
1979 2433 2040 2491 in
2079 2452 2213 2493 vera
2259 2432 2390 2513 pie-

148 2520 271 2571 tate
321 2511 677 2569 contineant.
778 2504 1041 2567 Graecus
1084 2504 1180 2567 hic
1226 2526 1335 2587 pro
1388 2502 1597 2589 gentili
1641 2508 1784 2567 trito
1837 2506 2175 2587 Scripturae
2227 2528 2392 2572 more

180 2587 413 2647 uiuitur.
966 2595 973 2599 ’
1827 2622 1835 2631 .

150 2608 183 2650 ⁸
300 2668 354 2725 4.
436 2656 772 2721 Tradebcmt
814 2654 1097 2719 servanda
1134 2656 1375 2735 placita.
1453 2658 1560 2719 His
1611 2658 1804 2739 verbis
1849 2659 2136 2742 'significat
2183 2659 2391 2735 Lucu,

148 2758 327 2819 quam
364 2737 653 2797 studiosus
692 2734 850 2817 pacis
889 2733 1065 2796 fuerit
1102 2732 1328 2795 Paulus.
1392 2730 1692 2816 Optimum
1734 2749 1876 2797 tunc
1917 2736 2199 2799 fovendae
2239 2738 2394 2799 inter
2485 2724 2494 2735 ’

152 2812 425 2875 ecclesias
474 2813 823 2873 concordiae
870 2809 1170 2872 vinculum
1215 2823 1375 2885 erat,
1427 2832 1656 2873 servare
1705 2812 1866 2887 quod
1915 2836 2021 2895 per
2074 2812 2392 2894 Apostolos

152 2890 343 2951 fuerat
382 2900 759 2951 transactum:
809 2888 869 2947 in
912 2906 983 2947 eo
1026 2909 1199 2965 quum
1245 2886 1490 2971 diligens
1530 2900 1618 2949 est
1655 2890 1896 2965 Paulus,
1947 2890 2105 2951 bona
2142 2889 2256 2949 fide
2297 2910 2395 2951 ca-

150 2976 281 3041 vet,
336 2985 411 3025 ne
460 2964 598 3045 quid
650 2964 869 3029 oriatur
919 2962 1125 3025 turbae
1158 2986 1277 3025 ‚sua
1328 2964 1514 3045 culpa.
1603 2964 2041 3027 Meminerimus
2093 2977 2284 3027 autem
2333 2964 2394 3026 id

152 3042 327 3104 fuisse
363 3040 711 3122 temporale,
761 3040 917 3121 quia,
964 3039 1065 3101 ubi
1101 3040 1258 3103 videt
1298 3061 1519 3103 cessare
1555 3043 1806 3103 scandali
1849 3042 2194 3123 periculum,
2228 3042 2396 3121 peni·

150 3129 243 3181 tus
295 3118 529 3180 eclesias
578 3128 883 3191 exonerat,
940 3128 999 3177 et
1086 3115 1381 3179 osthabito
1434 3118 1673 3181 decreto
1731 3118 1980 3181 liberum
2041 3119 2178 3181 facit
2238 3114 2398 3198 quod

154 3194 271 3257 illic
308 3206 613 3255 vetuerant
650 3192 943 3275 Apostoli.
1020 3218 1044 3254 ι
1079 3213 1227 3273 eque
1278 3206 1476 3255 tamen
1525 3214 1592 3255 ea
1639 3194 2027 3287 abrogatione
2066 3192 2227 3275 quod
2277 3206 2399 3255 sta-

150 3282 389 3332 tuerant
422 3266 696 3350 Apostoli
738 3268 1013 3330 rescindit
1051 3292 1115 3330 ac
1155 3270 1359 3343 violat,
1400 3270 1490 3331 vel
1528 3274 1858 3331 contemnit
1907 3274 2066 3353 ipsos
2105 3282 2396 3343 auctores,

154 3348 290 3427 quia
326 3346 566 3411 minime
616 3344 731 3405 illis
770 3346 1075 3405 consilium
1115 3345 1332 3421 suerat,
1377 3346 1606 3407 sancire
1687 3360 1986 3428 erpetuam
2025 3348 2245 3429 legem,
2296 3346 2402 3407 sed

152 3432 382 3483 tautum
419 3421 683 3503 mitigare
722 3420 793 3480 ad
834 3419 1009 3481 breve
1047 3432 1305 3503 tempus,
1355 3423 1518 3501 quod
1563 3423 1630 3483 in
1668 3444 1814 3483 rmas
1855 3425 2238 3485 conscientias
2277 3420 2398 3484 lae-

156 3498 298 3558 dere
337 3508 599 3576 poterat,
646 3494 1131 3577 quemadmodum
1169 3498 1457 3577 superiori
1497 3499 1686 3578 capite
1728 3500 1906 3561 fusius
1947 3499 2212 3560 disserui:
2277 3519 2398 3579 quo

155 3571 295 3635 satis
332 3572 590 3665 arguitur
620 3571 983 3652 Papistarnm
1020 3572 1285 3646 stultitia,
1325 3571 1460 3631 dum
1497 3574 1753 3654 graviter
1789 3596 1897 3635 nos
1937 3587 2205 3637 accusant
2239 3574 2400 3655 quod

156 3646 344 3710 Panlo
382 3668 559 3709 sunus
599 3647 776 3731 longe
817 3647 1148 3719 dissimiles,
1200 3650 1367 3729 quia,
1417 3653 1764 3731 contemptis
1816 3664 1882 3711 ut
1926 3651 2250 3733 loquuntur
2285 3654 2402 3711 Ec-

158 3723 367 3789 clesiae
406 3722 675 3797 decretis,
704 3723 841 3785 ‘solo
880 3723 995 3785 Dei
1032 3724 1215 3785 verbo
1258 3724 1385 3815 regi
1421 3722 1684 3801 volumus
1721 3730 1954 3807 piorum
1996 3727 2402 3801 conscientias,

155 3820 283 3863 non
347 3812 541 3861 autem
600 3798 807 3861 subiici
865 3798 1110 3861 arbitrio
1171 3800 1490 3861 hommum.
1570 3802 1704 3868 Sed
1751 3804 2233 3884 quemadmodum
2285 3802 2400 3861 iam

159 3876 293 3953 dixi,
334 3875 481 3936 nibil
522 3876 707 3936 minus
740 3874 923 3936 Paulo
953 3873 1117 3935 venit
1151 3875 1213 3935 in
1252 3888 1508 3937 mentem
1537 3898 1706 3958 quam
1741 3880 2094 3941 necessitatis
2134 3878 2402 3955 laqueum

156 3952 539 4017 conscientiis
576 3952 848 4011 iniicere:
890 3970 1010 4011 non
1052 3950 1211 4011 enim
1248 3972 1280 4012 a
1316 3972 1380 4013 se
1421 3954 1548 4033 ipso
1581 3952 1863 4030 dissentit,
1903 3976 2081 4036 quum
2112 3954 2250 4013 alibi
2281 3952 2402 4013 cla-

156 4042 301 4105 mat,
340 4028 559 4091 Omnia
596 4026 809 4087 munda
846 4026 1106 4087 mundis:
1154 4026 1317 4104 item,
1358 4028 1480 4103 Qui
1511 4030 1706 4093 firmus
1738 4043 1850 4107 est,
1886 4032 2140 4092 vescitur
2164 4028 2404 4109 quibus-,-

160 4106 331 4187 libet:
384 4106 557 4179 item,
601 4103 871 4185 Regnum
909 4102 1025 4161 Dei
1064 4123 1184 4165 non
1227 4116 1315 4165 est
1352 4125 1478 4166 esca
1519 4119 1580 4167 et
1615 4119 1819 4189 potus:
1881 4107 2059 4180 item,
2110 4106 2254 4165 Esca
2294 4126 2404 4167 nos

158 4204 285 4245 non
325 4180 697 4245 commendat
726 4178 891 4239 Deo:
934 4179 1093 4255 item,
1132 4179 1327 4243 Omne
1360 4183 1520 4262 quod
1554 4185 1614 4242 in
1645 4182 1890 4245 macello
1923 4182 2193 4244 venditur
2231 4182 2408 4260 edite,

160 4258 309 4319 nibil
332 4260 763 4340 interrogantes
786 4264 1033 4337 propter
1054 4259 1471 4319 conscientiam
1509 4259 1660 4337 (Tit.
1681 4266 1741 4333 1,
1778 4266 1896 4335 15.,
1931 4258 2043 4318 lto.
2066 4263 2162 4331 14,
2197 4264 2253 4323 2.
2293 4266 2409 4335 17.,

160 4334 211 4395 1.
252 4332 394 4397 Cor.
442 4340 514 4410 8,
562 4339 697 4413 18.,
743 4333 793 4395 1.
835 4330 975 4397 Cor.
1015 4338 1121 4413 10,
1166 4337 1323 4413 25.),
1367 4334 1472 4398 sed
1519 4354 1641 4399 uno
1690 4334 1874 4397 verbo
1929 4334 2207 4397 conciliat
2260 4358 2409 4417 quae
