2788 4713
1134 196 1416 263 CAPUT
1453 200 1526 261 X.
2337 200 2456 267 m

308 369 371 411 m
408 346 501 409 fas
537 346 631 409 sit.
730 341 894 407 Nihil
931 354 999 406 ut
1034 342 1150 405 iam
1188 342 1305 404 dixi
1344 342 1538 405 minus
1576 342 1780 405 habuit
1867 363 1933 405 ro
1979 343 2222 419 ositum,
2282 362 2459 424 quam

253 446 329 489 eo
372 424 461 485 eri
504 442 607 484 ere
688 422 955 515 uicquam
993 417 1083 482 sui
1125 420 1401 493 honoris,
1439 431 1507 479 ut
1544 420 1666 480 eius
1705 362 1904 499 spoliis
1938 364 2241 482 bominem
2280 440 2459 482 orna-

192 516 317 567 ret:
368 522 438 563 se
518 499 623 560 ubi
700 498 913 560 ommis
950 496 1217 558 adoratio
1256 498 1495 557 mixtum
1536 495 1714 557 babet
1751 509 1814 557 et
1850 496 2196 578 implicitum
2236 497 2460 579 aliquid
2531 520 2538 523 ·

192 601 330 643 cum
371 578 491 639 Dei
528 577 790 652 bonore,
842 575 1037 637 statim
1075 574 1279 634 vitium
1318 583 1556 655 praeter
1590 592 1754 656 spem
1794 586 1854 633 et
1891 576 2234 654 opinionem
2275 577 2458 638 obre-

186 658 320 739 pit,
364 664 435 715 ut
468 674 641 733 supra
677 652 991 713 humanum
1040 650 1287 733 gradum
1337 648 1619 711 evehatur
1667 650 1766 729 qui
1817 650 2030 711 colitur
2078 652 2138 712 in
2175 654 2296 713 Dei
2345 653 2458 714 bo·-

195 751 434 794 norem.
507 730 588 791 Pa
632 730 775 790 istae
813 728 912 789 illa
954 727 1329 788 distinctione
1366 727 1580 787 omissa
1619 726 1944 788 membrum
1970 727 2240 789 duntaxat
2276 752 2460 795 unum

198 810 511 889 arripiunt.
564 862 589 871 ,
662 826 753 867 am
806 804 933 865 sola
980 804 1253 885 religiosa
1302 803 1582 863 adoratio⁴
1619 804 1775 863 inter
1814 824 1915 865 eos
1962 815 2270 865 tractatur:
2335 808 2460 869 eius

198 898 469 980 partem,
520 895 587 945 ut
622 902 753 943 cum
796 880 1048 943 honesto
1102 879 1181 941 ali
1224 900 1305 941 uo
1358 891 1664 961 praetextu
1713 880 1979 945 derivent
2029 882 2100 941 ad
2150 892 2463 963 creaturas,

203 984 269 1023 m
310 961 551 1033 latriam,
588 958 803 1020 duliam
844 969 906 1018 et
944 958 1211 1051 hyperdu
1237 959 1343 1017 iam
1374 968 1593 1017 secant.
1669 956 1748 1015 Et
1785 955 2008 1017 latriam
2031 956 2268 1037 quidem
2307 979 2464 1019 asse-

204 1050 349 1099 runt
398 1036 497 1097 nni
542 1036 716 1110 Deo,
775 1035 913 1097 acsi.
944 1036 1211 1095 diccunt
1258 1034 1663 1093 adorationem
1713 1034 1900 1093 cultus
1949 1032 2034 1094 illi
2079 1034 2192 1095 soli
2241 1033 2464 1099 deberi.

202 1114 629 1175 Adon-ationem
666 1111 858 1172 duliae
896 1111 1285 1193 promiscuam
1321 1110 1566 1173 mortuis
1607 1128 1674 1169 ex
1713 1129 1918 1171 eorum
1957 1110 2214 1186 ossibus,
2260 1114 2466 1177 statuis

206 1202 269 1252 et
313 1191 551 1270 picturis
601 1189 842 1253 faciunt.
932 1186 1356 1267 Hyperduliam
1401 1186 1615 1269 virgini
1650 1186 1870 1249 Mariae
1923 1199 1984 1247 et
2033 1188 2191 1249 cruci
2237 1187 2324 1265 in·
2351 1209 2468 1268 qua

200 1266 487 1350 pependit
532 1265 803 1328 Christus
854 1264 1167 1346 assignant.
1266 1264 1352 1323 Ut
1388 1276 1610 1324 taceam
1649 1262 1862 1356 puerili
1900 1263 2121 1325 inscitia
2158 1264 2292 1325 illos
2372 1288 2470 1327 ar·-

198 1344 341 1419 rire,
380 1342 845 1423 quotusquisque
884 1362 1092 1401 eorum
1124 1339 1383 1421 putidam
1418 1339 1580 1401 illam
1613 1338 2044 1409 distinctionem
2083 1341 2284 1402 tenet?
2399 1364 2469 1405 ec

198 1420 279 1481 de
314 1418 565 1501 plebeiis
600 1428 827 1479 tantum
868 1416 1115 1498 loquor,
1162 1418 1266 1478 sed
1308 1418 1381 1477 de
1417 1410 1558 1496 ip‘sis
1593 1416 1968 1498 primoribus.
2056 1416 2281 1481 Omnes
2321 1440 2470 1503 ergo

199 1514 413 1557 eorum
453 1496 643 1556 cultus
682 1514 855 1575 prava
892 1516 959 1556 su
1006 1493 1313 1555 erstitione
1353 1494 1608 1573 infectos
1659 1504 1721 1553 et
1769 1506 2081 1576 corruptos
2122 1515 2246 1555 esse
2283 1517 2472 1577 opor-

198 1584 312 1645 tet,
442 1594 544 1632 um
596 1582 885 1632 creaturas
998 1590 1071 1631 eo
1122 1570 1554 1634 inconsiderate
1599 1592 1674 1652 ag
1717 1581 1943 1653 regent.
2031 1571 2152 1632 Sed
2201 1572 2296 1633 hic
2342 1595 2474 1637 non

202 1649 349 1711 dicit
438 1670 605 1723 ucas,
654 1647 1000 1709 Cornelium
1042 1646 1263 1707 latriam
1304 1646 1628 1709 exhibuisse
1665 1589 1881 1708 fietu-o:
1934 1647 2194 1729 generali
2243 1660 2472 1712 tantum

201 1726 588 1787 Adon-ationis
634 1726 875 1785 nomine
926 1725 1139 1798 utitur,
1200 1734 1263 1783 et
1318 1724 1482 1784 addit
1539 1722 1716 1788 fuisse
1773 1734 1968 1784 tamen
2015 1725 2474 1805 reprehensum,

252 1824 349 1863 ma
396 1821 705 1885 perperam
754 1800 1055 1861 bominem
1106 1799 1233 1881 plus
1280 1801 1434 1862 iusto
1485 1799 1746 1862 efferret.
1827 1798 2008 1861 Certe
2047 1802 2094 1861 si
2133 1802 2327 1863 locum
2368 1803 2474 1876 ha-

204 1824 383 1939 geret
420 1897 639 1938 novum
689 1877 853 1937 istud
882 1878 1095 1959 dogma
1138 1876 1209 1936 de
1250 1876 1438 1938 dulica
1477 1878 1852 1951 adoratione,
1899 1897 2146 1937 monere
2187 1878 2475 1951 debuerat

207 1956 422 2017 Petrus
473 1952 855 2027 Cornelium,
903 1974 980 2013 ne
1028 1952 1180 2013 ultra
1230 1954 1445 2015 duliam
1493 1955 1867 2040 procederet.
1955 1954 2078 2014 Sed
2129 1958 2263 2034 quia
2314 1956 2476 2018 nulla

210 2032 509 2105 adoratio,
558 2030 651 2093 eui
693 2031 901 2113 religio
943 2050 1163 2091 annexa
1204 2043 1293 2091 est
1322 2052 1398 2107 ,ac
1440 2030 1618 2092 divini
1657 2031 1902 2093 honoris
1939 2044 2268 2112 respectus,
2319 2034 2474 2093 inta-

210 2109 557 2171 ctum'Deo
611 2106 891 2189 relinquit
932 2129 1099 2168 suum
1152 2106 1474 2183 honorem,
1535 2130 1770 2189 quocun
1817 2128 1892 2166 ue
1943 2108 2179 2169 tandem
2232 2110 2478 2170 nomine

208 2196 478 2269 tegatur,
532 2184 670 2245 ideo
720 2183 825 2257 hac
874 2183 1263 2259 unas-atione
1313 2197 1626 2246 contentus
1673 2197 1763 2247 est
1853 2196 2041 2261 etrus,
2091 2186 2248 2266 quod
2290 2185 2476 2247 homo

208 2262 307 2323 sit.
387 2260 555 2338 Quin
599 2262 768 2321 etiam
810 2280 877 2320 ex
915 2253 1161 2340 Papistis
1186 2262 1349 2331 scire
1387 2262 1828 2342 pervelim,:an
1867 2261 2156 2321 Ioannem
2192 2274 2309 2321 tam
2349 2276 2479 2323 stu-

257 2338 415 2400 idum
466 2338 641 2400 fuisse
694 2348 934 2432 putent,
992 2349 1059 2398 ut
1112 2334 1369 2418 ere‘pnm
1417 2338 1556 2400 Deo
1601 2338 1838 2411 latriam
1887 2337 2100 2419 angelo
2149 2338 2478 2405 tribueret?

210 2361 403 2478 {lette
441 2415 590 2476 nibil
641 2413 796 2479 ahud
847 2415 917 2475 ad
965 2414 1163 2496 angeli
1215 2415 1623 2476 adoratione'm
1675 2435 1806 2476 eum
1863 2413 2118 2494 impulit,
2171 2437 2342 2494 quam
2385 2416 2480 2476 ni-

216 2491 333 2552 mia
376 2503 435 2552 et
488 2504 859 2574 praepostera
898 2492 1255 2566 reverentia,
1308 2502 1369 2551 et
1420 2491 1652 2570 quidm
1701 2484 1762 2550 in
1801 2489 1916 2562 Dti
1968 2491 2256 2550 honorem
2317 2492 2480 2554 cuius

263 2567 413 2628 lotia
469 2569 529 2629 in
588 2568 801 2652 angelo
866 2565 1162 2650 fulgebat:
1236 2569 1543 2629 damnatur
1583 2567 1982 2641 nihilominus
2053 2570 2175 2627 eius
2241 2566 2478 2628 factum.

252 2648 268 2664 Ὶ

277 2665 387 2728 rgo
422 2657 505 2705 ut
547 2644 679 2708 Deo
735 2645 895 2738 quod
943 2667 1109 2706 suum
1161 2659 1249 2706 est
1298 2646 1604 2721 reddatur,
1665 2641 1976 2726 spiritualis
2030 2643 2320 2722 adoratio,
2383 2645 2481 2709 cui

216 2722 425 2786 subest
459 2720 564 2782 reli
610 2723 697 2798 ⁶0,
747 2732 963 2782 intacta
1000 2721 1087 2781 illi
1126 2733 1375 2781 maneat.

372 2803 469 2863 28.
625 2821 691 2860 os
736 2802 949 2873 nostis,
999 2811 1065 2856 ut
1092 2799 1216 2880 fas
1260 2819 1380 2876 noys
1424 2801 1514 2858 sit.
1602 2797 1854 2858 Videtur
1889 2818 2093 2892 parum
2135 2799 2314 2860 amica
2355 2818 2482 2861 esse

262 2875 543 2952 raefatio,
568 2889 644 2937 ‘et
684 2895 833 2956 quae
871 2873 1107 2936 illorum
1147 2874 1373 2936 animos
1415 2888 1726 2958 exasperet⁸
1749 2895 1932 2958 magis
1971 2897 2143 2956 quam
2185 2875 2486 2955 conciliet,

263 2974 360 3013 um
396 2971 461 3014 se
498 2965 620 3014 tam
659 2953 924 3033 impuros
960 2950 1159 3011 baberi
1198 2953 1475 3028 audiunt,
1524 2963 1592 3014 ut
1632 2953 2058 3013 consuetudine
2105 2974 2207 3014 sua
2261 2965 2322 3013 et
2360 2953 2486 3014 col·-

214 3029 429 3110 loquio
470 3041 710 3090 sanctos
744 3027 1043 3122 polluant,
1094 3029 1253 3108 quod
1292 3031 1455 3112 gravi
1503 3029 1566 3089 in
1611 3050 1712 3091 eos
1753 3029 2105 3100 contumelia
2145 3051 2268 3092 non
2309 3041 2487 3092 caret.

216 3108 447 3167 Verum
487 3107 697 3166 Petrus
745 3127 805 3166 :n
851 3105 1003 3165 bunc
1050 3105 1288 3164 modum
1329 3105 1582 3186 praefari
1623 3125 1862 3167 necesse
1899 3105 2136 3182 habuit,
2188 3126 2264 3168 ne
2303 3106 2488 3170 malae

218 3184 624 3244 conscientiae
674 3193 1007 3263 suspectum
1046 3201 1180 3241 eum
1218 3179 1537 3258 haben-eust,
1591 3183 1750 3263 quod
1791 3195 1997 3244 contra
2037 3203 2262 3244 morem
2302 3205 2335 3244 a
2369 3185 2490 3248 Pa-

217 3257 413 3320 tribus
450 3259 727 3320 traditum
771 3259 930 3338 quasi
971 3259 1115 3342 legis
1154 3270 1532 3342 contemptor
1569 3261 1837 3321 venisset.
1915 3259 2121 3334 Quum
2161 3271 2356 3321 autem
2397 3263 2490 3322 di-
2567 3331 2572 3336 ,

216 3336 439 3396 vinitus
478 3355 541 3396 se
580 3335 817 3396 missum
854 3335 1131 3409 affirmat,
1182 3335 1409 3398 sublata
1459 3348 1547 3396 est
1585 3357 1652 3397 ac
1691 3347 1936 3432 purgata
1977 3336 2262 3397 eiusmodi
2299 3359 2394 3399 sus
2439 3339 2491 3398 i-

226 3412 344 3472 cio.
424 3412 595 3472 Adde
634 3412 795 3504 quod
834 3411 1257 3486 offensionem,
1306 3432 1458 3492 quae
1499 3433 1568 3472 ex
1605 3415 1791 3473 veteri
1829 3425 1985 3474 mter
2033 3426 2241 3496 gentes
2291 3427 2352 3475 et
2424 3439 2492 3474 u·-

224 3489 409 3549 daeos
461 3488 697 3550 dissidio
754 3488 990 3548 illorum
1042 3490 1245 3566 animis
1294 3490 1410 3550 iam
1468 3490 1788 3564 insidebat,
1853 3495 2075 3571 optime
2127 3491 2354 3574 mitigat
2404 3493 2492 3555 bis

225 3566 455 3639 verbis,
502 3577 571 3624 ut
620 3565 806 3646 aptius
856 3562 977 3625 non
1020 3567 1282 3646 potuerit
1320 3565 1580 3626 orationi
1617 3585 1756 3627 suae
1794 3568 2012 3629 aditum
2055 3567 2264 3629 facere.
2341 3569 2494 3640 Nam

226 3642 334 3722 qui
380 3641 662 3703 hactenus
711 3641 995 3702 immundi
1045 3640 1230 3701 habiti
1278 3641 1539 3717 fuerant,
1587 3663 1692 3704 eos
1742 3664 1896 3703 nunc
1948 3646 2200 3724 puritate
2241 3646 2496 3708 donatos

229 3737 357 3778 esse
394 3719 769 3800 pronuntiat,
820 3731 886 3778 ut
936 3719 1047 3780 iam
1088 3739 1219 3778 cum
1259 3719 1474 3784 sanct&
1519 3731 1715 3780 mutua
1753 3716 1829 3781 sit
1866 3719 1981 3781 illis
2021 3723 2498 3792 communicatio,

228 3795 427 3856 Porro
484 3796 643 3876 quod
686 3795 913 3856 Iudaeis
962 3795 1123 3856 nefas
1165 3811 1290 3854 esse
1330 3795 1472 3856 dixit
1519 3793 1606 3856 ad
1643 3811 1840 3874 gentes
1885 3798 2147 3880 ingredi,
2193 3798 2498 3864 sciendum

231 3882 353 3946 est,
404 3893 528 3932 non
576 3884 697 3934 tam
752 3893 819 3934 ex
854 3873 1018 3956 Lege
1069 3872 1182 3932 hoc
1234 3870 1427 3932 fluisse
1469 3894 1642 3953 quam
1683 3894 1752 3934 ex
1791 3872 2201 3936 observatione
2238 3875 2496 3936 Pan-um.

229 3949 523 4009 Vetuerat
570 3948 805 4029 quidem
844 3949 1037 4024 Deus,
1085 3969 1163 4010 ne
1210 3967 1275 4009 se
1326 3950 1622 4031 coniugiis
1666 3959 1768 4013 'aut
1816 3950 2154 4012 foederibus
2201 3951 2505 4033 illigarent,

234 4025 509 4100 (Denter.
548 4031 618 4100 7,
654 4032 742 4088 3:
794 4025 965 4085 simul
1000 4024 1191 4099 vesci,
1240 4036 1339 4086 aut
1378 4029 1707 4088 communia
1754 4026 1909 4088 vitae
1956 4048 2031 4087 ne
2077 4026 2197 4086 otia
2244 4039 2499 4090 tractare

234 4123 523 4181 nusquam
564 4123 673 4182 pro
719 4100 1049 4162 ibebantnr.
1136 4101 1255 4162 Sed
1296 4123 1372 4162 ne
1415 4105 1784 4184 frequentior
1822 4126 1956 4164 usus
1992 4126 2061 4162 ve
2125 4102 2500 4170 necessitudo

236 4178 309 4240 ad
350 4179 410 4242 id
452 4179 615 4258 quod
652 4179 895 4240 vetitum
938 4190 1063 4239 erat
1100 4179 1257 4260 ipsos
1298 4179 1579 4254 alliceret,
1617 4181 1892 4242 traditum
1921 4180 2242 4242 aPatribus
2271 4201 2504 4248 morem

239 4253 580 4327 servabant,
616 4275 709 4316 ne
759 4253 899 4335 quid
952 4253 1239 4316 haberent
1285 4257 1742 4318 consuetudinis.
1843 4257 1956 4317 nic
2011 4256 2306 4336 disputare
2355 4258 2504 4321 nihil

241 4331 483 4410 attinet,
532 4353 607 4408 an
646 4349 717 4400 ea
752 4331 991 4394 traditio
1029 4333 1414 4396 conscientias
1456 4333 1689 4416 ligaret:
1751 4351 1946 4410 neque
1985 4330 2144 4392 enim
2183 4333 2394 4402 Petrus
2435 4355 2508 4404 ex
