2788 4713
376 236 497 299 126
1174 230 1265 294 IN
1300 226 1528 293 ACTA
1566 229 1858 295 APOST.

378 374 513 439 non'
555 368 895 437 dubitabat?
978 370 1372 455 Respondeo,
1439 397 1560 457 quo
1617 366 1862 457 promus
1905 374 1992 437 ‘ad
2041 367 2238 436 Deum
2296 374 2648 453 accedimus,

420 465 560 515 rout
594 452 787 515 maior
824 450 979 515 illius
1014 452 1206 535 gloria
1244 450 1517 537 affulget,
1559 454 1638 513 ita
1675 454 1902 514 maiore
1942 452 2052 515 nob
2090 466 2254 513 metu
2301 454 2430 513 iure
2469 453 2643 514 affici.

376 476 703 593 {aeterum
750 548 875 589 non
927 528 1037 589 alia
1089 550 1260 591 eausa
1298 530 1510 591 Mosen
1556 529 1720 591 Deus
1769 530 2134 603 tremefacit,
2193 544 2364 611 quam
2414 542 2482 591 ut
2527 530 2646 591 sibi

378 608 807 689 obsequentem
846 604 1075 679 reddat,
1113 618 1291 685 atque
1332 607 1428 667 bie
1466 616 1654 667 metus
1693 608 2062 688 praeparatio
2105 608 2217 667 fuit
2269 626 2388 668 non
2413 607 2645 667 incom-

376 686 555 747 mode
593 684 665 745 ad
714 682 1001 743 maiorem
1053 682 1341 743 fiduciam.
1423 682 1568 756 Quo
1615 684 1788 743 etiam
1837 684 2100 765 pertinet
2144 683 2305 765 quod
2353 684 2646 763 sequitur,

378 759 560 835 Solve
590 758 1065 823 calceamentum.
1124 760 1410 820 Monetur
1446 763 1602 819 enim
1643 758 1758 820 hoc
1795 759 2088 841 symbolo,
2128 773 2196 820 ut
2216 759 2334 820 Dei
2371 760 2646 823 mandata

250 848 257 855 ’
374 849 718 901 reverenter
754 836 1001 916 excipiat
1038 857 1105 897 ac
1144 836 1404 897 debitam
1445 832 1525 895 illi
1567 834 1810 919 gloriam
1849 837 2039 897 modis
2065 837 2337 898 omuibus
2359 850 2641 917 praestet.

528 921 624 981 33.
706 912 865 997 Quia
900 914 1057 975 lom
1092 916 1158 972 ἐκ
1194 933 1307 991 quo
1330 928 1434 975 erc.
1485 912 1759 975 Hocloci
1785 913 1982 996 elogio
1997 914 2177 975 Mosis
2197 914 2454 975 animum
2477 915 2648 993 quasi

374 992 440 1053 in
480 990 711 1052 eoelum
741 988 1015 1050 attollere
1038 988 1228 1065 voluit
1250 990 1436 1064 Deus,
1459 1010 1538 1051 ne
1561 990 1701 1070 quid
1723 1002 2024 1049 terrenum
2049 993 2357 1072 cogitaret.
2399 990 2644 1065 Quodsi

370 1078 469 1132 tot
505 1067 751 1130 stimulis
788 1065 1543 1160 pungendus·suit·Mos·es,
1581 1079 1648 1159 ut
1681 1078 1874 1127 terrae
1911 1066 2130 1127 oblitus
2167 1069 2302 1159 pen
2341 1086 2406 1127 se
2443 1077 2648 1128 atten-

370 1160 576 1285 {¹:313
573 1166 679 1282 :25
677 1144 720 1281 ἔ)
726 1154 1313 1293 ’ὁῖζεῖῗιῖῗηῖῗὲῗ
1336 1144 1684 1281 5ζὲΐῖΫέ
1687 1165 1875 1281 “ι“ἷῖἑ“ἔ’
1892 1164 2459 1300 .“ἒ“.ῗ“ἐι1’“·ἶ.ἒ“.ἒ“ι“ἑῖξ.ῗὲ’
2467 1144 2644 1283 2¹2¹}ss

370 1312 509 1362 ante
550 1298 705 1359 diem
742 1296 909 1357 illum
946 1294 1070 1356 aliis
1108 1298 1370 1359 sanctior
1409 1298 1614 1359 fuerat.
1691 1296 2074 1377 Respondeo,
2115 1296 2272 1357 hunc
2307 1298 2426 1359 Dei
2507 1318 2645 1359 rae-

370 1377 620 1448 sentiae,
681 1394 805 1433 non
854 1372 991 1433 loco
1042 1372 1243 1435 haberi
1282 1376 1607 1449 honorem,
1671 1385 1731 1434 et
1767 1372 2068 1436 bominum
2107 1394 2276 1435 causa
2315 1396 2453 1455 prae
2497 1376 2648 1439 icari

371 1453 493 1515 loci
530 1450 913 1513 sanctitatem.
990 1450 1143 1510 Nam
1180 1450 1229 1511 si
1264 1462 1481 1511 terram
1522 1450 1842 1511 sanctificat
1863 1450 1982 1523 Dei
2021 1454 2368 1531 praesentia,
2411 1467 2642 1534 quanto

368 1531 653 1591 maiorem
693 1527 819 1587 eius
854 1526 971 1618 vim
1007 1526 1081 1587 ab
1122 1527 1460 1589 bominibus
1499 1527 1728 1608 percipi
1767 1546 2018 1621 aequum
2041 1527 2166 1588 est?
2203 1528 2396 1589 Simul
2433 1543 2642 1591 tamen

369 1604 1418 1764 335⁰5332³23³m3251320⁰5353225
1416 1624 1476 1754 1¹¹
1477 1603 1998 1770 Ἇὶἒὲζὲῗὲἐῗυῖζ
2001 1616 2237 1742 ’ἵξὲοῗ
2267 1606 2448 1744 {1³52ssss
2471 1628 2643 1749 ‘5²53

364 1759 556 1823 erexit
593 1758 651 1818 in
694 1754 924 1829 Bethel,
960 1778 1141 1833 quum
1181 1758 1546 1838 praesentiae
1593 1756 1714 1819 ilhc
1765 1776 1904 1817 snae
1941 1758 2108 1819 Deus
2157 1758 2384 1843 signum
2439 1761 2644 1839 dedis-⁸

364 1847 457 1899 set
528 1834 684 1897 Gen.
721 1840 819 1907 35,
858 1834 963 1910 7.).
1039 1834 1207 1895 Idem
1288 1856 1426 1894 uum
1465 1838 1687 1915 posteri
1725 1834 2122 1909 imitarentur,
2161 1857 2466 1917 perversus
2505 1838 2641 1899 cul-

365 1925 461 1983 tus
529 1914 633 1973 uit.
718 1910 997 2005 Denique
1044 1911 1213 1970 unius
1286 1911 1435 1972 iosis
1476 1932 1644 1971 causa
1679 1909 1846 1971 locus
1883 1923 2133 1972 vocatur
2163 1927 2426 1990 sanctus,
2465 1926 2533 1975 ut
2572 1938 2641 1977 se

246 2024 255 2039 ι
364 1991 441 2057 ad
480 1990 759 2051 timorem
795 1987 913 2048 De1
954 1998 1013 2047 et
1066 1987 1430 2078 obsequendi
1480 1988 1734 2047 studium
1782 1986 1990 2047 melius
2042 2004 2380 2071 componat.
2455 1990 2640 2055 Nunc

365 2088 545 2148 quum
586 2066 749 2126 Deus
784 2064 1007 2143 ubique
1044 2082 1107 2125 se
1160 2086 1221 2123 in
1264 2065 1504 2126 Christo
1554 2075 1921 2144 praesentem
1969 2064 2144 2125 nobis
2194 2066 2496 2145 exhibeat,
2541 2070 2640 2130 id·-

366 2162 485 2224 que
524 2163 651 2203 non
698 2140 963 2203 obscuris
1011 2139 1211 2223 figuris
1259 2141 1363 2202 sed
1415 2139 1587 2221 plena
1639 2139 1768 2199 luce
1822 2161 1888 2201 ac
1934 2146 2182 2202 veritate
2228 2142 2444 2221 solida,
2505 2167 2636 2207 non

362 2230 594 2282 tantum
631 2218 811 2300 pedes
852 2218 1061 2279 calceis
1100 2217 1344 2292 nudare,
1385 2218 1488 2279 sed
1531 2238 1639 2277 nos
1676 2227 1839 2277 totos
1879 2236 2092 2278 exuere
2132 2221 2425 2281 convenit.

516 2301 612 2362 34.
696 2292 971 2356 ridendo
1006 2292 1145 2355 vidi.
1233 2296 1410 2355 Nunc
1467 2294 1632 2354 Deus
1693 2313 1758 2355 se
1807 2292 2014 2386 populi
2069 2295 2200 2355 fore
2249 2296 2632 2362 liberatorem

362 2373 679 2458 promittit,
710 2385 783 2454 ut
819 2375 1029 2434 Mosen
1082 2371 1411 2432 ministrum
1459 2393 1656 2433 rursus
1693 2370 1769 2431 de
1816 2383 2056 2466 integro
2107 2375 2454 2457 constituat,
2494 2377 2634 2456 quia

362 2463 485 2512 tam
545 2450 731 2533 longo
792 2449 1079 2531 temporis
1130 2449 1319 2532 spatio
1372 2450 1646 2530 superior
1691 2447 1999 2529 promissio
2049 2447 2242 2511 fuerat
2285 2450 2509 2512 interru
2555 2465 2632 2516 ta.

356 2529 599 2590 Dicitur
632 2529 790 2588 enim
828 2528 991 2588 Deus
1029 2525 1231 2588 videre
1268 2524 1420 2588 mala
1457 2538 1678 2601 nostra,
1717 2545 1898 2605 quum
1936 2527 2226 2586 rationem
2278 2531 2467 2591 nostri
2513 2473 2627 2593 ba-

362 2605 472 2666 bet
498 2627 565 2666 ac
604 2626 802 2666 euram
842 2603 1040 2666 salutis
1086 2613 1325 2664 nostrae
1372 2603 1632 2684 suscipit:
1683 2603 1856 2664 sicuti
1877 2622 2105 2664 rursum
2128 2603 2398 2666 claudere
2421 2609 2633 2673 oculos

362 2693 427 2742 et
460 2693 557 2743 ter
638 2705 695 2742 m
734 2680 1050 2748 obvertere
1090 2680 1320 2754 dicitur,
1360 2679 1500 2740 dum
1540 2701 1768 2742 causam
1806 2691 2068 2741 nostram
2107 2681 2410 2764 negligere
2458 2687 2630 2747 vide-

358 2770 477 2820 tur.
612 2759 779 2820 adem
816 2768 905 2818 est
940 2757 1092 2818 ratio
1146 2757 1474 2818 descensus.
1561 2757 1806 2818 Minime
1859 2777 2008 2838 opus
2053 2768 2176 2833 est,
2237 2771 2303 2820 ut
2350 2780 2414 2822 se
2459 2756 2632 2826 Deus

360 2834 501 2896 loco
540 2846 777 2896 moveat
813 2835 943 2916 opis
984 2833 1262 2893 ferendae
1290 2855 1487 2895 causa:
1539 2854 1740 2894 manus
1782 2833 1940 2893 enim
1982 2835 2104 2894 eius
2143 2855 2252 2915 per
2290 2837 2522 2899 coelum
2565 2853 2629 2902 et

358 2923 580 2974 terram
620 2922 855 2972 extenta
907 2921 1019 2971 est:
1069 2909 1172 2970 sed
1222 2907 1339 2971 hoc
1387 2909 1459 2969 ad
1513 2929 1747 2970 sensum
1805 2921 2074 2971 nostrum
2123 2911 2396 2974 refertur.
2469 2917 2626 2980 Nam

404 3009 543 3048 uum
584 2987 965 3048 afflictionem
1014 2984 1221 3066 populi
1272 3005 1398 3046 non
1449 2983 1699 3060 levaret,
1761 2985 1971 3067 procul
2027 2987 2232 3049 abesse
2295 3001 2357 3050 et
2417 3013 2628 3056 curare

360 3064 519 3124 aiud
558 3065 619 3124 in
659 3063 832 3124 coelo
871 3062 1056 3123 videri
1138 3072 1347 3122 oterat„
1421 3061 1595 3123 Nunc
1635 3064 1978 3136 denunciat,
2024 3063 2318 3128 Israelitas
2369 3071 2626 3150 propin..

402 3161 541 3200 uum
579 3138 691 3200 sibi
728 3159 1021 3200 sensuros.
1158 3150 1323 3199 otum
1364 3135 1478 3196 buc
1517 3151 1772 3218 spectat,
1823 3150 1890 3199 ut
1941 3141 2138 3202 Moses
2191 3141 2264 3202 de
2315 3146 2625 3208 voluntate

427 3218 480 3277 ei
520 3217 705 3278 factus
744 3215 985 3288 certior,
1024 3212 1187 3274 illu'm
1226 3214 1390 3294 sequi
1433 3213 1642 3274 ducem
1682 3236 1804 3275 non
1858 3216 2119 3294 dubitet,
2167 3239 2347 3300 seque
2394 3223 2624 3286 maiore

358 3293 572 3355 fiducia
628 3293 931 3373 impendat
976 3293 1037 3352 iu
1090 3289 1296 3372 populi
1343 3291 1542 3357 redem
1589 3291 1843 3368 tionem,
1894 3315 2069 3374 quam
2117 3295 2236 3356 Dei
2287 3318 2434 3378 opus
2495 3319 2623 3361 esse

356 3371 547 3432 novit.
622 3369 963 3430 Notandum
1002 3368 1175 3428 etiam
1214 3378 1321 3442 est,
1360 3368 1520 3447 quod
1621 3389 1721 3430 eus
1759 3389 1824 3429 se
1856 3370 2144 3452 gemitum
2182 3372 2408 3435 audisse
2456 3397 2624 3437 com-

356 3457 664 3508 memorat.
738 3447 890 3506 Nam
931 3465 1107 3526 quum
1146 3445 1389 3506 miseros
1429 3457 1490 3504 et
1527 3444 1738 3506 iniuste
1777 3466 2090 3528 oppressos
2113 3449 2404 3531 respiciat,
2444 3473 2623 3534 prae-

358 3523 535 3605 cipue
570 3535 791 3598 tamen‚
830 3544 1009 3603 quum
1046 3521 1107 3580 in
1158 3521 1284 3582 eius
1332 3522 1524 3582 sinum
1576 3521 1922 3604 deponimus
1973 3526 2223 3606 gemitus
2276 3541 2510 3592 nostros
2561 3543 2626 3592 et

358 3599 647 3682 querelaS,
696 3599 767 3662 ad
817 3596 1271 3662 misericordiam
1318 3598 1596 3659 flectitur.
1693 3599 2041 3692 Quanquam
2092 3622 2313 3662 nomen
2359 3604 2506 3681 hoc,
2555 3619 2624 3668 ut

354 3697 456 3739 sae
500 3696 534 3735 e
570 3675 731 3751 alibi,
770 3695 883 3757 pro
925 3676 1119 3737 coecis
1158 3687 1219 3736 et
1255 3675 1513 3737 confusis
1560 3675 1938 3756 querimoniis
1977 3678 2162 3760 accipi
2199 3691 2429 3761 potest,
2470 3703 2620 3765 quae

354 3754 429 3816 ad
528 3771 663 3814 eum
703 3774 829 3814 non
865 3753 1214 3838 diriguntur.

520 3943 625 4010 35.
708 3943 903 4010 Hunc
942 3941 1205 4023 Mosen,
1246 3965 1438 4031 quem
1487 3953 1911 4032 negaverant,
1947 3944 2272 4028 dicentes:
2339 3947 2508 4036 Quis
2548 3960 2614 4016 te

358 4044 692 4112 constituit
729 4047 1083 4133 principem
1129 4065 1206 4109 ae
1244 4041 1568 4114 iudicem?
1608 4045 1832 4124 Hunc,
1869 4047 2162 4134 inquam,
2211 4047 2398 4115 Deus
2437 4051 2617 4138 prin·-

354 4147 565 4234 eipem
608 4156 676 4210 et
712 4145 1190 4234 redemptorem
1230 4147 1401 4211 misit
1451 4148 1520 4210 in
1567 4165 1763 4212 manu
1805 4147 2070 4235 Angeli,
2125 4153 2238 4238 qui
2288 4153 2464 4217 visus
2517 4147 2616 4215 illi

354 4247 567 4316 iuerat
606 4250 679 4318 in
715 4242 907 4316 rub'o.
984 4248 1088 4313 36.
1128 4245 1255 4311 Hic
1293 4243 1512 4312 eduxit
1555 4267 1670 4312 eos
1710 4245 1902 4316 editis
1940 4248 2253 4338 prodigiis
2305 4262 2372 4318 et
2418 4252 2616 4339 signis

354 4353 427 4418 in
466 4359 639 4419 terra
678 4351 966 4441 Aegypti
1006 4357 1075 4416 et
1112 4350 1185 4418 in
1222 4349 1382 4416 mari
1423 4344 1656 4430 rubro,
1687 4359 1756 4418 et
1793 4352 1866 4420 in
1915 4348 2178 4418 deserto
2231 4371 2356 4438 per
2405 4369 2614 4419 annos
