2788 4713
346 241 465 307 m
656 242 661 250 ·
1129 221 1217 285 m
1253 219 1480 286 ACTA
1518 213 1619 283 Ar
1627 215 1803 282 osT.

355 373 727 442 enuntiemus
770 367 979 431 turbae
1025 367 1119 430 vel
1173 365 1591 448 inquietudinis
1639 358 1860 424 afferre
1905 371 2184 443 poterant
2227 357 2374 424 baec
2419 375 2624 440 praea-

356 464 553 535 oepta,
609 458 745 529 post
860 462 917 520 m
966 445 1231 506 sciebant
1266 464 1331 504 se
1376 463 1572 502 coram
1623 441 1757 498 Deo
1809 457 1933 498 esse
1973 439 2222 510 liberos,
2263 449 2324 496 et
2369 437 2622 496 sublata

357 540 481 590 erat
528 525 669 586 falsa
716 524 757 583 il
782 545 815 582 a
863 535 924 583 et
1014 529 1244 582 ervers'a
1290 519 1530 601 religio,
1587 535 1758 596 quam
1813 516 2060 575 iniicere
2119 516 2312 574 conati
2363 514 2624 572 fuerant

396 599 855 684 seudoapostoli.
940 543 1267 672 &meritur
1310 614 1498 674 punc,
1545 615 1652 652 cnr
1701 593 1844 652 baec
1877 593 2084 652 ⁴solunt
2135 602 2390 726 qpatuor
2422 590 2620 650 Iaco-

398 703 465 741 us
503 677 778 761 gentibus
816 675 1099 756 iniungat.
1188 671 1456 732 Tradunt
1502 667 1730 749 quidam
1771 687 1843 734 et
1875 679 2105 727 vetusto
2203 670 2390 726 at'rum
2433 685 2622 724 more

354 758 535 819 fuisse
590 748 657 815 id
690 754 968 836 petitum,
1016 752 1116 830 qui
1166 769 1287 808 non
1344 744 1616 808 solebant
1667 745 1874 804 foedus
1937 754 2242 824 percutere
2291 763 2426 803 eum
2478 741 2618 802 ullo

355 825 841 916 populo,'qnem
900 837 1139 908 possent
1188 843 1402 906 cogere
1450 823 1510 883 in
1562 843 1728 882 snum
1777 821 2126 899 obsequium
2183 819 2293 878 nisi
2333 817 2452 879 snb
2497 819 2620 878 hac

356 899 651 994 pactione.
774 906 893 966 Sed
948 903 1086 982 qnia
1146 902 1267 960 eins
1342 899 1432 958 rei
1507 918 1628 958 non
1823 895 2006 956 fertur
2081 893 2330 956 idoneus
2393 895 2618 974 aliquis

357 999 593 1060 auctor,
662 1003 775 1062 ego
838 981 1072 1054 dubiam
1133 999 1200 1038 ac
1267 993 1602 1055 suspensam
1673 994 1738 1048 re
1763 993 1966 1052 inquo.
2077 973 2392 1034 Caeterum
2461 993 2616 1050 pro-

358 1063 573 1126 babilis
626 1063 777 1120 ratio
816 1067 1085 1138 apparet,
1136 1074 1241 1113 cur
1280 1052 1353 1111 de
1405 1042 2141 1132 idolothytisf'sanguine,
2191 1059 2252 1108 et
2301 1046 2612 1107 suffocato

358 1137 734 1222 peculiariter
790 1132 1138 1199 mandarint.
1231 1129 1347 1188 Res
1409 1127 1643 1210 quidem
1693 1137 1859 1186 erant
1905 1147 2012 1206 per
2071 1145 2136 1183 se
2183 1123 2440 1196 mediae,
2499 1123 2612 1183 sed

360 1235 513 1298 quae
572 1211 825 1294 speciale
882 1209 957 1269 ali
1002 1208 1099 1266 uid
1161 1203 1450 1265 haberent
1513 1215 1744 1283 praeter
1800 1202 1944 1262 ali-os
2001 1201 2175 1282 Legis
2221 1200 2388 1258 ritus.
2469 1200 2608 1258 Sci-

359 1307 486 1352 mus
534 1307 707 1372 quam
744 1305 944 1346 severe
960 1223 1269 1343 ¹hominus
1309 1280 1516 1364 fugere
1555 1277 1782 1351 iubeat,
1835 1297 1985 1356 quae
2023 1299 2154 1336 eum
2194 1288 2429 1336 externa
2461 1276 2615 1334 fidei

358 1363 729 1450 professione
768 1372 1049 1444 pugnant,
1089 1356 1383 1438 tit-quibus
1424 1357 1613 1435 aliqua
1651 1357 1801 1417 inest
1837 1354 2206 1415 idololatriae
2244 1353 2470 1446 species
2507 1353 2612 1411 vel

358 1439 656 1524 suspicio.'
706 1441 867 1520 Ergo
908 1451 983 1496 ne
1010 1451 1123 1516 qua
1161 1432 1221 1498 in
1263 1433 1538 1514 gentibus
1580 1432 1848 1492 haereret
1883 1429 2315 1514 superstitionis
2355 1429 2612 1500 macula,

360 1531 422 1581 et
458 1537 543 1580 ne
574 1513 711 1596 quid
763 1517 823 1574 in
880 1514 991 1573 illis
1024 1522 1354 1572 'cernerent
1390 1509 1592 1568 Iudaei
1641 1505 1772 1568 curii
1829 1527 1980 1588 puro
2033 1507 2148 1576 Dei
2201 1505 2363 1566 cultu
2410 1505 2610 1564 minus

362 1597 843 1666 consentaneum,
884 1609 1005 1649 non
1048 1589 1255 1646 mirum
1296 1597 1404 1660 est,
1443 1585 1490 1645 si
1530 1585 1768 1645 cavendi
1805 1582 2059 1644 scandali
2100 1581 2283 1664 gratia
2325 1581 2612 1640 iubentur

356 1672 433 1734 ab
500 1667 843 1747 idolothytis
905 1665 1217 1744 abstinere.
1292 1661 1556 1722 Verbum
1617 1681 1736 1741 quo
1793 1659 1985 1720 utitur
2040 1659 2257 1730 Lucas,
2299 1660 2610 1730 ἀλίσγημα,

358 1745 619 1830 quamvis
676 1743 1145 1824 profanationem
1192 1739 1503 1821 significat:
1564 1737 1700 1798 ideo
1749 1748 2044 1816 receptam
2091 1736 2424 1794 versionem
2474 1753 2610 1792 non

355 1823 605 1896 mutavi,
643 1839 792 1900 quae
828 1817 1005 1878 babet
1041 1817 1506 1895 Inquinamenta.
1583 1812 1703 1872 Sed
1741 1813 2034 1871 interdum
2115 1831 2182 1870 ro
2221 1811 2468 1871 victimis
2507 1831 2612 1870 ca-

356 1901 547 1981 pitur:
616 1898 717 1978 qni
764 1915 963 1956 sensus
1009 1913 1131 1953 non
1181 1891 1329 1952 male
1379 1890 1582 1950 Iacobi
1635 1889 1882 1949 consilio
1935 1909 2045 1968 qua
2090 1899 2274 1962 taret,
2333 1899 2392 1944 et
2425 1887 2610 1944 *forte

356 1969 671 2054 simplicius
710 1974 821 2030 erit
858 1992 924 2030 ac
964 1991 1053 2028 ma
1100 1970 1145 2027 is
1174 1969 1514 2049 genuinum,
1549 1967 1631 2026 ita
1671 1974 1966 2046 exponere
2003 1963 2062 2024 in
2103 1963 2396 2044 praesenti
2433 1961 2606 2022 loco:

436 2053 490 2110 ia
526 2049 628 2110 ubi
652 2047 829 2128 paulo
857 2056 989 2126 post
1024 2043 1045 2103 i
1088 2065 1177 2104 em
1204 2043 1504 2104 decretum
1539 2053 1770 2122 repetet
1789 2043 1996 2112 Lucas,
2035 2052 2222 2131 ponet
2241 2039 2604 2119 Idolotbyta.

358 2073 542 2202 guod
583 2123 653 2184 ad
692 2125 1033 2206 sangninem
1084 2132 1145 2179 et
1190 2119 1542 2180 suffocatum
1593 2118 1880 2198 pertin-et,
1928 2118 2000 2177 ab
2051 2118 2287 2176 illorum
2336 2137 2438 2175 esu
2477 2134 2602 2174 non

354 2213 583 2264 tantum
621 2199 805 2260 Mosis
846 2200 1007 2280 Lege
1044 2198 1375 2276 (Dent-12,
1413 2201 1536 2265 23.)
1577 2194 1860 2274 prohibi—ti
1886 2205 2053 2253 erant
2077 2193 2298 2266 Iudaei,
2340 2191 2444 2252 sed
2483 2203 2604 2250 sta-

354 2278 461 2338 tim
502 2287 638 2359 post
677 2275 955 2338 dilnvium
993 2273 1082 2333 lex
1123 2273 1233 2333 toti
1272 2273 1498 2331 mundo
1539 2270 1646 2332 lata
1684 2270 1895 2342 fuerat,
1934 2269 2092 2329 unde
2131 2271 2345 2329 factum
2388 2281 2496 2340 est,
2537 2279 2602 2324 nt

396 2353 462 2416 ui
524 2373 647 2417 non
696 2374 933 2434 prorsus
982 2363 1150 2412 erant
1196 2341 1516 2433 degeiieres
1576 2347 1966 2407 abhorrerent
2017 2368 2048 2407 a
2095 2346 2403 2428 sanguinet
2475 2366 2599 2404 non

388 2431 602 2493 udaeos
640 2442 866 2491 tantum
908 2428 1065 2503 dico,
1104 2428 1203 2488 sed
1244 2426 1459 2486 multos
1501 2446 1568 2484 ex
1605 2424 1878 2506 gentibus
1919 2422 2098 2500 (Gen.
2120 2426 2302 2498 9,4.).
2365 2424 2602 2480 -Fateor

436 2506 591 2567 idem
632 2518 693 2567 et
730 2504 871 2566 illud
912 2503 1239 2585 temporale
1278 2504 1453 2563 fuisse
1543 2512 1902 2579 raecep‘tum,
1943 2501 2042 2560 sed
2080 2513 2274 2560 tamen
2315 2500 2474 2577 qnod
2515 2498 2599 2558 la-

350 2594 471 2644 tins
508 2603 681 2663 quam
719 2583 791 2643 ad
826 2576 1110 2662 populum
1150 2602 1329 2641 unum
1370 2590 1502 2659 pate
1549 2589 1624 2637 at.
1700 2574 1860 2645 Nihil
1899 2594 2042 2655 ergo
2081 2578 2288 2635 mirum
2329 2577 2376 2634 si
2415 2577 2604 2633 maior

351 2660 490 2719 inde
528 2660 787 2721 offensio
828 2660 985 2718 nasci
1023 2657 1305 2749 potuerit,
1344 2656 1438 2716 cui
1477 2655 1697 2713 mederi
1739 2654 2036 2735 Apostolis
2076 2654 2258 2713 visum
2301 2662 2404 2709 est.
2477 2650 2598 2709 Sed

352 2735 427 2796 de
464 2736 823 2796 scortatione
864 2734 1157 2793 difficilior
1196 2733 1456 2792 nascitur
1495 2731 1783 2810 quaestio,
1825 2730 1958 2810 quia
2001 2750 2121 2789 eam
2161 2730 2392 2787 videtur
2429 2728 2602 2785 Iaco-

351 2811 461 2873 bus
502 2830 809 2871 numerare
846 2810 1007 2869 inter
1044 2828 1136 2869 res
1174 2809 1414 2880 medias,
1454 2828 1486 2866 a
1526 2808 1736 2885 quibus
1775 2806 2023 2865 scandali
2063 2818 2288 2865 tantum
2325 2802 2598 2884 respectu

351 2887 669 2963 cavendum
717 2886 817 2945 sit:
880 2886 981 2944 sed
1036 2885 1145 2945 alia
1196 2884 1305 2944 fuit
1354 2904 1547 2953 causa,
1600 2902 1704 2941 cur
1749 2884 2165 2943 scortationem
2217 2881 2488 2941 reiiceret
2536 2882 2599 2939 in

354 2982 561 3022 eorum
611 2962 906 3032 ordinem,
954 2979 1101 3037 quae
1150 2973 1259 3039 per
1304 2978 1367 3035 se
1416 2979 1536 3017 non
1587 2970 1752 3017 erant
1803 2960 2017 3018 illicita.
2111 2958 2306 3033 Quam
2357 2956 2598 3017 effrenis

347 3036 557 3119 passim
598 3047 849 3117 grassata
888 3034 967 3093 sit
992 3034 1239 3095 licentia
1276 3034 1598 3106 scortandi,
1649 3034 1776 3113 plus
1815 3036 1947 3095 satis
2001 3047 2206 3094 notum
2257 3046 2371 3093 est:
2423 3052 2598 3113 prae-

344 3112 547 3174 sertim
584 3112 737 3203 apud
778 3110 1106 3170 Orientales
1142 3109 1315 3169 nimis
1349 3108 1676 3185 invaluerat
1716 3108 1809 3167 hie
1845 3111 2106 3186 morbus,
2143 3122 2211 3170 ut
2247 3122 2386 3169 sunt
2419 3110 2598 3191 magis

344 3188 419 3251 ad
458 3185 759 3248 libidinem
798 3186 1105 3266 propensi:
1144 3197 1305 3245 certe
1345 3206 1628 3263 nusquam
1667 3184 1806 3245 alibi
1844 3186 2035 3248 minus
2057 3199 2258 3247 sancte
2291 3187 2446 3247 culta
2485 3186 2594 3246 fuit

347 3264 610 3343 coniugii
650 3262 791 3323 fides
834 3274 893 3322 et
932 3260 1225 3342 pudicitia.
1312 3260 1407 3320 Ad
1460 3260 1598 3321 baec
1651 3282 1773 3322 non
1815 3263 1888 3321 de
1927 3262 2189 3345 qualibet
2239 3264 2596 3325 scortatione

345 3339 759 3399 indifferenter
806 3359 942 3398 meo
995 3336 1215 3397 iudicio
1262 3336 1357 3399 bic
1409 3338 1637 3421 agitur,
1691 3350 1757 3396 ut
1805 3351 1941 3398 sunt
1979 3340 2258 3399 adulteria
2309 3351 2370 3399 et
2417 3358 2595 3433 vagae

343 3414 782 3493 indomitaeque
842 3414 1144 3488 libidines,
1204 3415 1418 3489 quibus
1484 3414 1719 3494 publice
1767 3414 2020 3475 violatur
2079 3428 2139 3475 et
2200 3428 2596 3497 corrumpitur

344 3491 535 3553 omnis
576 3492 830 3566 castitas,
882 3492 983 3551 sed
1024 3491 1480 3551 concubinatum
1520 3502 1588 3551 ut
1623 3491 1949 3569 loquuntur
1989 3492 2181 3552 notari
2221 3504 2394 3572 puto,
2432 3492 2594 3551 cuins

337 3578 560 3629 tantam
601 3568 1086 3630 consuetudinem
1126 3568 1237 3628 sibi
1278 3568 1538 3631 fecerant
1575 3580 1806 3651 gentes,
1847 3579 1913 3626 ut
1944 3569 2376 3649 propemodum
2414 3570 2596 3629 instar

340 3642 517 3735 Legis
558 3642 733 3727 soret.
825 3643 1007 3719 Quod
1051 3657 1193 3781 (ινδιξ)
1234 3645 1532 3739 vulgarem
1574 3644 1968 3724 corruptelam
2009 3645 2185 3705 rebus
2267 3666 2330 3703 er
2370 3665 2432 3704 se
2469 3667 2590 3706 non

340 3719 560 3781 vitiosis
609 3732 952 3781 annumerat
999 3722 1134 3781 Iaco
1184 3742 1277 3796 us,
1338 3742 1402 3781 m
1455 3740 1528 3781 eo
1581 3720 1726 3781 nibil
1773 3720 2040 3780 absurdi:
2103 3741 2199 3780 mo
2246 3742 2282 3780 o
2331 3723 2592 3795 sciamus,

340 3815 709 3877 nequaquam
761 3796 935 3857 fuiss'e
988 3798 1108 3857 eius
1160 3798 1500 3870 consilium,
1561 3798 1625 3857 in
1677 3797 1886 3857 eodem
1938 3796 2150 3857 ordine
2200 3798 2398 3858 locare
2448 3818 2594 3889 quae

339 3871 523 3955 longe
574 3872 730 3933 inter
776 3892 839 3932 se
880 3874 1115 3933 distant.
1188 3874 1335 3933 Nam
1374 3873 1535 3953 quod
1586 3873 1668 3933 im
1711 3872 1804 3931 uri
1845 3872 2108 3934 homines
2147 3894 2287 3936 suae
2328 3874 2589 3935 foeditati

340 3948 479 4008 inde
518 3958 879 4030 praetextum
918 3960 1185 4029 captant,
1238 3949 1419 4010 facilis
1459 3961 1560 4010 est·
1585 3970 1650 4009 re
1681 3949 1880 4010 utatio.
1961 3948 2251 4029 Copulat,
2299 3950 2590 4029 inquiunt,

336 4023 589 4087 Iacobus
628 4047 759 4087 cum
796 4028 1154 4087 scortatione
1194 4044 1356 4086 esum
1407 4048 1508 4087 san
1592 4026 1728 4085 inis:
1779 4025 1885 4085 sed
1923 4046 1998 4085 an
2037 4026 2198 4085 inter
2249 4046 2312 4086 se
2353 4048 2587 4107 compa-

286 4172 297 4179 ·
336 4111 463 4234 {at¹3¹
488 4113 557 4161 nt
592 4100 959 4238 res-{similem
996 4102 1199 4163 saltem
1239 4121 1388 4181 quae
1428 4102 1578 4237 nilnh
1617 4100 1870 4193 babeant
1908 4102 2239 4163 diversum?
2277 4106 2418 4194 ,imo
2457 4116 2587 4196 tan-

333 4198 472 4309 nitu
478 4198 717 4345 rua-{⁸5¹5
732 4276 767 4315 e
777 4190 1139 4317 pztvffldiffe
1156 4189 1844 4317 οιΐίῖῖἓξέιῖεωοοιῗὲἰᾞιῗΐ
1866 4196 2585 4331 ἀξὲἷὲἑῗὲιςηῖἷυέζιῗῗηῗ

336 4324 407 4382 ad
446 4326 564 4386 Dei
602 4352 661 4391 m
706 4332 881 4429 icium
920 4332 1201 4415 pertinet,
1242 4351 1309 4395 ex
1347 4342 1630 4413 perpetua
1655 4330 1959 4412 Scriptura
1985 4330 2288 4395 doctrinae
2329 4332 2582 4412 petenda
