2788 4713
1093 262 1372 344 carin·
1410 271 1551 342 vn.
1666 243 1679 254 ’
1963 243 1971 249 ’
2332 275 2449 348 13¹7
2506 273 2515 290 ··

164 418 478 486 eiusmodi
519 427 829 496 structura,
869 418 1358 502 quemadmodum
1398 439 1506 501 per
1528 415 1886 501 Prophetam
1921 437 2089 482 suum
2128 421 2447 502 conqueri..

165 511 296 575 tur,
337 496 615 559 iniuriam
655 497 768 558 sihi
811 517 844 556 a
883 494 1108 578 populo
1141 496 1292 572 fieri,
1331 496 1471 556 dum
1490 493 1647 556 'loco
1670 494 1766 555 alli
1842 507 1933 558 tus
1952 497 2209 581 fingitur.
2291 497 2447 560 Cae-

167 589 378 638 terum
421 591 546 634 non
589 574 722 634 ideo
763 571 954 633 solum
992 572 1288 634 invehitur
1309 572 1609 653 Propheta
1650 571 1714 631 in
1752 515 2026 650 findam,
2064 575 2225 653 quod
2248 573 2445 636 Deum

172 674 244 715 su
295 649 591 710 erstitiose
641 650 910 710 colerent
965 660 1240 730 putantes
1286 663 1409 710 tem
1456 649 1513 709 lo
1564 647 1791 709 affixum
1844 667 1969 708 esse
2019 651 2139 710 eius
2200 672 2443 730 numen,

177 749 248 790 se
333 726 468 807 quia
505 725 664 786 illum
702 727 1074 787 aestimantes
1115 745 1183 786 ex
1221 747 1330 787 suo
1381 747 1413 786 a
1469 737 1631 802 ectu,
1689 736 2002 806 postquam
2055 727 2357 790 sacrificiis·
2384 739 2449 790 et

183 817 434 865 externa
469 823 682 884 pompa
723 801 987 864 defuncti
1027 814 1226 880 erant,
1277 803 1581 885 fingebant
1618 801 1729 862 sibi
1768 800 2053 882 placatum
2105 819 2229 864 esse
2266 805 2448 866 adeo·-

190 901 313 962 que
357 879 688 940 obnoxium.
778 879 893 939 Hic
945 879 1070 940 sere
1118 880 1446 940 communis
1506 878 1619 938 suit
1668 878 1929 938 omnium
1969 887 2221 938 aetatum
2260 899 2448 958 error,

237 955 362 1016 uod
427 955 684 1016 homines
746 955 987 1038 frig-idas
1049 959 1413 1016 ceremonias
1466 966 1752 1036 putarunt
1810 954 2044 1014 abunde
2106 955 2177 1014 ad
2227 954 2449 1020 cultum

265 1035 316 1092 ei
353 1032 638 1093 sufficere.
737 1032 916 1092 Ratio
958 1043 1076 1110 est,
1129 1032 1261 1110 quia
1300 1054 1481 1112 quum
1518 1032 1636 1092 sint
1676 1029 1934 1091 carnales
1970 1029 2311 1112 mundoque
2350 1035 2451 1092 ad-

197 1108 372 1184 dicti,
410 1107 601 1170 Deum
641 1107 1038 1192 imaginantur
1084 1111 1174 1170 sui
1223 1107 1489 1169 similem.
1566 1107 1729 1244 Ergo
1768 1107 1961 1185 Deus,
2018 1119 2087 1168 ut
2134 1107 2291 1170 hunc
2337 1107 2451 1174 illis

189 1196 496 1268 stuporem
537 1187 810 1262 excutiat,
852 1205 914 1246 se
955 1186 1154 1246 omnia
1237 1184 1497 1246 raedicat
1534 1185 1611 1245 im
1681 1203 1799 1245 ere.

341 1269 436 1328 49.
511 1263 664 1322 Nam
707 1261 870 1342 quod
915 1262 1136 1340 coeImn
1225 1262 1326 1323 icit
1365 1280 1490 1322 esse
1526 1281 1589 1321 se
1632 1281 1724 1320 em
1765 1280 1923 1322 suam
1986 1271 2046 1322 et
2096 1273 2313 1321 terram
2361 1283 2453 1323 as·

179 1340 384 1422 signat
419 1336 742 1399 scabeilum
783 1339 1029 1418 pedihus
1069 1340 1208 1417 suis,
1251 1357 1374 1403 non
1417 1339 1497 1400 ita
1534 1337 1720 1420 accipi
1760 1336 1962 1412 debet,
2003 1336 2161 1417 quasi
2200 1339 2275 1398 sit
2313 1359 2455 1400 cor..

179 1435 410 1498 porcus
470 1414 568 1477 vel
615 1435 787 1478 more
834 1415 1140 1476 hominum
1189 1415 1372 1476 dividi
1409 1413 1598 1496 possit
1635 1415 1698 1474 in
1735 1426 1964 1495 partes,
2019 1413 2122 1494 sed
2142 1415 2300 1550 1²quia
2338 1416 2455 1478 im-

181 1508 426 1554 mensus
455 1503 588 1568 est,
649 1503 826 1574 negat
878 1512 940 1554 se
987 1490 1121 1552 ullis
1174 1491 1446 1554 locorum
1492 1489 1693 1572 spatiis
1742 1490 2059 1552 contineri.
2196 1491 2456 1554 aluntur

187 1569 394 1648 itaque
426 1568 540 1705 gui
590 1587 660 1628 ex
713 1589 814 1629 sua
853 1581 1058 1629 natura
1095 1567 1291 1628 Deum
1330 1568 1423 1630 vel
1464 1566 1589 1628 eius
1624 1563 1849 1654 'cultum
1888 1571 2213 1628 aestimant.
2292 1567 2455 1650 Quia

188 1657 388 1706 autem
479 1643 768 1726 rophetae
828 1647 1132 1726 negotium
1185 1657 1274 1706 est
1323 1665 1455 1706 cum
1504 1643 1859 1726 hypocritis,
1918 1663 2042 1704 non
2088 1644 2162 1704 de
2204 1647 2457 1710 essentia

192 1721 310 1783 Dei
349 1733 582 1782 tantum
625 1721 908 1802 disputat,
967 1721 1068 1783 sed
1107 1721 1465 1798 generaliter
1504 1720 1709 1795 docet,
1747 1719 2084 1782 homiuibus
2120 1721 2291 1782 valde
2328 1741 2457 1784 esse
2536 1731 2541 1734 '

193 1797 576 1874 dissimilem,
625 1817 740 1860 nec
791 1819 996 1860 eorum
1049 1818 1217 1859 more
1273 1819 1427 1860 vano
1478 1795 1649 1862 huius
1687 1797 1955 1858 mundis
1998 1797 2245 1860 londore
2276 1798 2457 1862 affici.

191 1875 316 1936 nic
352 1895 583 1950 rursum
625 1873 888 1935 exoritur
924 1874 1026 1936 illa
1065 1875 1352 1955 quaestio,
1391 1895 1497 1936 cur
1526 1871 1829 1954 Propheta
1866 1895 1949 1936 nu
1994 1895 2090 1934 um
2128 1875 2192 1934 in
2230 1876 2456 1938 mundo

196 1951 418 2032 quietis
477 1949 672 2012 locum
711 1949 849 2010 Deo
909 1971 1034 2012 esse
1083 1953 1465 2034 pronuntiet,
1562 1971 1700 2010 uum
1745 1961 1943 2012 tamen
1984 1951 2273 2012 diversum
2313 1951 2459 2014 alibi

241 2027 390 2088 alam
411 2028 664 2088 affirmet
685 2027 965 2106 Spiritus,
1003 2027 1152 2090 Psal.
1191 2034 1325 2102 132,
1363 2035 1469 2094 143
1571 2047 1674 2088 aec
1710 2027 1945 2108 requies
1980 2047 2112 2088 mea
2151 2028 2213 2088 in
2254 2027 2480 2090 saecu-J

195 2049 322 2166 lium
359 2103 596 2166 saeculi.
677 2105 842 2179 Quin
867 2106 1041 2166 etiam
1079 2106 1290 2166 Iesaias
1331 2105 1444 2166 boc
1484 2104 1685 2197 elogio
1708 2104 2027 2170 Ecclesiam
2068 2115 2261 2181 ornat,
2298 2106 2461 2187 quod

196 2181 281 2244 sit
315 2181 574 2264 gloriosa
593 2179 710 2242 Dei
749 2182 1006 2262 requies,
1047 2183 1118 2242 ad
1157 2181 1439 2264 templum
1478 2180 1704 2243 scilicet
1721 2179 1999 2241 alludens.
2076 2181 2461 2262 Respondeo,

201 2279 384 2338 quum
423 2257 792 2339 praesentiae
828 2280 964 2319 suae
1005 2257 1268 2340 symbola
1309 2260 1365 2319 in
1408 2259 1633 2340 templo
1678 2270 1740 2317 et
1774 2257 2068 2318 sacrificiis
2110 2258 2250 2318 olim
2290 2259 2461 2320 insti-

200 2334 324 2396 tuit
359 2334 552 2408 Deus,
592 2355 712 2395 non
757 2336 870 2397 hoc
913 2335 1148 2410 fecisse,
1189 2347 1256 2397 ut
1292 2355 1354 2396 se
1394 2333 1519 2395 illic
1556 2347 1619 2395 et
1656 2355 1815 2395 suam
1854 2334 2133 2395 virtutem
2174 2335 2462 2417 affigeret.

201 2412 492 2471 Perverse
529 2432 595 2470 er
639 2433 674 2471 o
715 2412 1041 2486 Israelitae,
1107 2413 1207 2492 qui
1258 2412 1458 2472 defixis
1498 2411 1561 2470 in
1610 2410 1875 2491 symbola
1922 2410 2220 2471 mentibus
2266 2424 2460 2473 terre-

203 2498 392 2549 strem
428 2488 542 2549 sibi
583 2432 851 2559 fgabricati
887 2501 1025 2550 sunt
1059 2488 1274 2549 Deum.
1347 2490 1633 2549 Perverse
1670 2486 1843 2546 etiam
1864 2488 1962 2565 qui
2002 2486 2117 2545 hoc
2157 2500 2465 2566 praetextu

207 2562 497 2647 peccandi
553 2563 846 2626 licentiam
901 2566 1012 2627 sibi
1064 2577 1468 2645 sumpserunt,
1574 2563 1693 2623 uasi
1752 2563 1815 2621 in
1880 2562 2049 2623 nudis
2114 2566 2463 2628 ceremoniis

203 2652 550 2721 promptum
598 2662 664 2701 ac
713 2642 948 2703 facilem
989 2641 1276 2703 haberent
1325 2644 1449 2703 eius
1500 2586 1765 2720 placandi
1815 2637 2072 2699 modum.
2166 2638 2259 2701 Ita
2311 2640 2467 2703 solet

201 2718 460 2779 mundus
498 2739 629 2779 cum
664 2717 801 2779 Deo
844 2719 1066 2778 ludere.
1146 2718 1345 2793 Quum
1386 2717 1639 2777 externis
1678 2716 1961 2797 symbolis
1988 2716 2153 2776 Deus
2191 2737 2254 2777 se
2293 2718 2469 2798 prae-

199 2805 438 2856 sentem
475 2788 592 2855 suis
631 2794 764 2854 fore
802 2806 1081 2871 testatur,
1119 2807 1190 2855 ut
1225 2796 1286 2855 in
1327 2794 1525 2855 medio
1566 2814 1771 2853 eorum
1810 2792 2039 2852 habitet
2084 2813 2308 2854 sursum
2362 2817 2465 2859 eos

201 2870 448 2944 invitat,
485 2884 554 2932 ut
590 2872 876 2953 spirituali
915 2872 1096 2934 modo
1137 2872 1209 2932 ah
1251 2872 1388 2952 ipsis
1430 2882 1759 2951 quaeratur.
1838 2870 2201 2953 Hypocritae
2240 2872 2463 2933 mundo

203 2946 288 3007 im
333 2947 478 3008 liciti
537 2948 733 3009 Deum
789 2948 988 3031 potius
1042 2969 1076 3010 e
1127 2948 1298 3010 coelo
1341 2947 1646 3008 detrahere
1684 2945 1926 3020 volunt,
1982 2960 2049 3007 et
2128 2970 2267 3007 uum
2317 2948 2469 3009 nihil

203 3022 280 3083 ha
328 3036 467 3085 eant
501 3038 739 3105 praeter
784 3027 965 3086 nudas
1013 3026 1257 3108 figuras,
1316 3025 1529 3086 stolida
1593 3023 1947 3084 confidentia
2008 3024 2071 3083 in
2120 3025 2199 3085 ati
2258 3046 2469 3087 secure

205 3100 322 3161 sibi
359 3101 428 3159 in
468 3103 721 3182 peccatis
762 3102 1091 3185 indulgent.
1123 3126 1142 3139 ‘
1177 3102 1280 3163 Sic
1331 3101 1513 3162 hodie
1550 3101 1611 3160 in
1654 3100 1874 3181 Papatu
1916 3099 2216 3161 Christum
2256 3102 2467 3187 imagi·

205 3180 450 3239 natione
489 3200 592 3239 sua
633 3179 941 3239 includunt
979 3180 1039 3239 in
1077 3198 1228 3261 pane
1270 3190 1330 3239 et
1363 3180 1524 3238 vino.
1600 3176 1833 3238 Deinde
1875 3177 2098 3237 ludicro
2122 3178 2285 3239 cultu
2325 3201 2390 3239 er
2432 3200 2467 3242 a

205 3276 376 3317 suum
416 3255 640 3316 idolum
680 3255 944 3316 defuncti
992 3256 1245 3338 superbe
1283 3276 1346 3315 se
1387 3254 1677 3328 efferunt,
1726 3253 1889 3335 quasi
1940 3252 2083 3313 nihil
2123 3254 2195 3313 ad
2235 3276 2387 3339 ange
2414 3260 2468 3317 i-

210 3352 336 3393 cam
390 3332 755 3393 sanctitatem
817 3333 1061 3393 deesset.
1177 3332 1340 3393 llaec
1393 3332 1510 3392 duo
1562 3331 1701 3391 vitia
1751 3329 1956 3391 sedulo
2004 3330 2261 3391 notanda
2308 3347 2467 3411 sunt,

251 3408 374 3467 uod
432 3408 698 3470 homines
757 3410 1160 3490 superstitiose
1221 3407 1576 3469 mundanum
1638 3429 1705 3467 ac
1766 3405 2055 3467 carnalem
2108 3407 2222 3469 sibi
2269 3409 2468 3472 Deum

210 3428 544 3560 abricant,
596 3486 694 3565 qui
735 3485 804 3545 ad
846 3486 1008 3567 ipsos
1047 3486 1128 3547 ita
1169 3484 1518 3558 descendat,
1556 3495 1623 3543 ut
1662 3496 1937 3543 maneant
1973 3484 2033 3545 in
2072 3494 2231 3544 terra
2282 3486 2471 3565 defixi,

210 3580 408 3642 neque
447 3561 520 3621 ad
560 3562 792 3622 coelum
830 3564 1102 3643 aspire‘nt.
1179 3561 1415 3621 Deinde
1454 3560 1678 3621 frivolis
1701 3560 1999 3639 obsequiis
2073 3559 2247 3621 lacari
2270 3564 2469 3625 Deum

207 3639 522 3701 somniant.
619 3638 780 3699 Hinc
815 3638 885 3699 fit
941 3653 1008 3699 ut
1057 3638 1475 3718 obstupescant
1522 3637 1583 3696 iu
1630 3637 1813 3719 signis
1852 3638 2017 3697 visihi
2046 3638 2207 3712 ibus,
2257 3641 2472 3703 deinde

208 3726 282 3777 ut
319 3714 588 3796 neglecta
640 3717 858 3795 pietate
896 3716 1090 3775 Deum
1131 3714 1346 3795 puerili
1396 3712 1576 3774 modo
1634 3726 1693 3772 et
1741 3712 1907 3772 nihili
1954 3714 2131 3775 rebus
2182 3716 2474 3779 demereri

209 3803 496 3874 satagant.
573 3792 745 3852 Nunc
783 3804 1052 3852 tenemus
1093 3812 1214 3873 quo
1251 3812 1427 3851 sensu
1466 3790 1619 3851 dicat
1654 3790 1983 3927 Propheta,
2022 3812 2305 3867 nusquam
2348 3814 2474 3855 esse

207 3868 350 3928 Deo
389 3868 452 3927 in
493 3869 713 3929 mundo
755 3868 950 3930 locum
993 3870 1221 3950 quietIs.
1309 3866 1622 3949 Templum
1664 3868 1762 3947 qui
1809 3888 1898 3925 em
1940 3870 2299 3948 praesentiae
2336 3892 2475 3930 suae

207 3944 448 4027 signum
497 3966 566 4005 ac
599 3945 828 4027 ,pignus
881 3966 1002 4006 esse
1051 3946 1352 4019 v‘oluerat,
1412 3944 1513 4002 scd
1574 3944 1685 4023 piis
1740 3944 1839 4025 qui
1889 3944 2069 4003 corde
2121 3943 2183 4002 in
2237 3946 2472 4007 coelum

209 4020 637 4096 ascenderent,
678 4022 778 4101 qui
817 4043 966 4113 pura
1003 4022 1119 4081 fide
1157 4017 1533 4105 spiritualiter
1568 4021 1733 4082 illum
1773 4020 2059 4081 colerent.
2150 4020 2268 4079 Sed
2320 4023 2475 4101 apud

209 4120 276 4159 su
325 4098 688 4170 erstitiosos,
748 4120 848 4179 qm
905 4099 1148 4189 stupidis
1197 4098 1312 4159 suis
1367 4096 1661 4179 figmentis
1719 4118 1851 4156 eum
1904 4097 2108 4156 mundi
2172 4094 2476 4161 elementis

211 4173 264 4234 al
291 4186 482 4255 igant,
531 4186 632 4234 aut
669 4187 970 4234 terrenum
1010 4173 1099 4234 ιΙΙὶ
1136 4176 1352 4236 cultum
1393 4171 1569 4233 stulte
1623 4174 1891 4254 erigunt,
1939 4173 2091 4252 apud
2137 4172 2217 4255 hy
2264 4176 2477 4237 ocritas

213 4252 316 4341 qui
357 4249 522 4311 ebria
543 4249 920 4311 -confidentia
959 4262 1326 4333 turgescunt,
1367 4250 1531 4330 quasi
1572 4250 1795 4329 optime
1836 4268 1973 4331 erga
1997 4248 2189 4311 Deum
2254 4251 2479 4313 efuncti

213 4339 366 4401 sint,
403 4337 719 4407 postquam
757 4326 820 4387 iu
859 4328 978 4387 suis
1017 4326 1250 4407 ineptiis
1295 4328 1588 4399 luserunt,
1628 4346 1750 4385 non
1792 4324 1972 4383 habet
2009 4326 2220 4401 quietis
2258 4326 2477 4389 locum.

213 4402 288 4464 ln
325 4420 570 4479 summa,
607 4404 918 4485 promissio
955 4402 1072 4465 fide
1109 4414 1350 4484 accepta
1389 4400 1554 4477 facit,
1588 4411 1655 4460 ut
1684 4398 1848 4460 Deus
1886 4410 2167 4479 tanquam
2204 4422 2483 4485 praesens

2296 4502 2323 4530 Ο
