2788 4713
286 170 367 263 24'
675 266 684 282 ,
989 140 1018 157 ⁸
1075 190 1165 254 m
1202 188 1431 256 ACTA
1468 188 1762 255 APOST.

121 374 130 381 ·
197 402 208 413 ,
295 335 446 401 ciale
493 335 716 398 donum
761 352 889 399 esse
937 332 1225 417 affirmat,
1277 358 1399 421 quo
1436 358 1563 401 non
1602 355 1807 400 omnes
1844 332 1963 399 nint
1998 332 2268 418 praediti.
2342 332 2430 394 Ex
2464 331 2565 396 liis

331 416 527 476 lanum
567 432 693 475 esse
729 411 1020 489 arbitror,
1067 417 1346 477 varietate
1383 413 1891 500 intelligentiaque
1931 413 2261 495 linguarum
2300 410 2561 473 donatos

359 493 469 552 isse
517 489 876 569 Apostolos,
929 504 998 552 ut
1038 488 1282 555 Graecis
1323 489 1592 568 Graece,
1631 483 1813 555 ‚Italis
1870 488 2083 551 Latine
2146 489 2207 551 lo
2252 500 2565 565 uerentur,

289 568 699 646 haberentque
739 586 937 629 veram
974 590 1108 629 cum
1145 566 1509 629 auditoribus
1548 566 2161 627 communicationem.
2280 588 2319 625 n
2356 578 2566 625 tamen

289 644 600 707 accesserit
635 642 960 707 secundum
995 642 1354 719 miraculum,
1393 655 1461 704 ut
1497 642 1779 739 Aegyptii
1819 655 1881 703 et
1917 642 2202 704 Elamitae
2242 640 2569 705 Chaldaice

289 720 638 802 loquentem
672 720 919 782 Petrum
953 719 1366 796 intellexerint,
1404 720 1519 782 acsi
1560 720 1814 782 diversas
1850 740 2029 781 voces
2071 720 2293 794 ederet,
2333 720 2395 779 in
2434 737 2571 777 me-

295 797 396 859 dio
445 796 595 858 relin
641 816 739 859 uo.
801 797 956 858 Sunt
995 797 1148 857 enim
1187 795 1590 875 coniecturae,
1630 816 1780 879 quae
1821 794 1936 857 buc
1976 796 2225 873 ducunt,
2263 808 2327 856 et
2361 808 2607 856 tamen·

295 896 422 936 non
481 875 564 935 ita
599 818 821 935 (bi-mae
883 874 1020 953 quin
1075 869 1267 935 refelli
1330 886 1567 953 queant.
1680 872 1843 933 Fieri
1892 873 2050 933 enim
2088 884 2319 954 potest,
2367 881 2436 933 ut
2473 870 2573 931 lo-

299 949 896 1090 :¹2⁰i‘i1525‘022131‘3t
921 947 1274 1105 3Ἓὲῗέἱέ
1277 949 1720 1092 ‘33:352‘133‘il’:
1726 948 2241 1087 ⁰‘2¹‡s¹2¹12³⁰i233l.
2255 948 2577 1087 ³⁰32}AE

300 1102 842 1271 {Jatssff'ffffi
865 1101 1835 1274 “xs‘sseaffluffiosszffffsstczsse
1867 1102 2141 1260 {zizfiffff
2160 1102 2580 1259 ,ξὶἳίι-ῗῗξῖἶέ

301 1256 588 1339 intelligi,
631 1254 1024 1333 undecunque
1071 1255 1196 1317 nati
1245 1269 1473 1331 essent,
1521 1278 1660 1339 quia
1750 1256 1991 1319 lurim0s
2032 1266 2255 1318 eorum·
2283 1256 2383 1336 qui
2423 1254 2583 1314 Hie-

299 1333 656 1425 rosolymam
713 1331 1147 1424 confluxerant,
1169 1411 1182 1424 ⁸
1207 1331 1521 1395 verisimile
1570 1345 1658 1396 est
1728 1335 1940 1417 inguae
1990 1329 2343 1401 chaldaicae
2396 1332 2583 1393 fuisse

303 1422 550 1494 peritos.
619 1405 856 1468 Deinde
903 1406 1048 1469 nibil
1100 1418 1215 1469 erit
1263 1408 1531 1489 absurdi,
1585 1412 1634 1472 si
1674 1410 1929 1472 dieamus
1970 1423 2034 1470 et
2070 1408 2193 1471 aliis
2232 1408 2444 1491 linguis
2484 1406 2581 1485 lo-

309 1496 558 1566 quntum
597 1503 740 1547 esse.
817 1484 1171 1565 Quanquam
1210 1484 1284 1545 de
1323 1485 1433 1549 bae
1470 1507 1540 1548 re
1586 1486 1837 1553 multum
1884 1487 2115 1570 litigare
2164 1485 2341 1561 nolo,
2388 1484 2581 1545 modo

309 1562 430 1701 {¹22²
476 1571 638 1625 extra
683 1562 1146 1625 controversiam
1190 1575 1482 1644 ponatur,
1528 1561 1855 1647 Apostolos
1892 1583 2031 1629 vere
2068 1582 2404 1629 sermonem
2440 1583 2583 1623 inu-

429 1656 483 1699 e.

477 1749 540 1817 5.
619 1745 823 1815 Erant
860 1750 1071 1817 autem
1095 1752 1600 1841 Hierosolymae
1646 1764 2121 1822 commorantes
2160 1751 2412 1830 Iudaei,
2451 1752 2587 1817 viri

309 1853 408 1939 pii
449 1872 525 1917 ex
567 1852 746 1917 omni
784 1861 976 1941 gente
1020 1874 1240 1919 earum
1281 1877 1449 1941 quae
1501 1854 1625 1923 sub
1682 1854 1873 1921 coelo
1925 1865 2089 1921 sunt.
2170 1855 2231 1922 6.
2286 1850 2584 1937 Vulgato

312 1952 446 2019 boo
483 1970 762 2031 rumore,
802 1954 1106 2019 convenit
1143 1954 1515 2034 multitudo,
1558 1966 1625 2022 et
1664 1952 1937 2022 confusa
1978 1963 2103 2020 est:
2162 1957 2317 2041 quia
2358 1951 2589 2019 audie-

310 2050 431 2118 bat
480 2051 755 2140 quisque
809 2073 924 2117 sua
961 2051 1180 2141 lingua
1223 2075 1338 2122 eos
1378 2054 1743 2143 loquentes.
1849 2056 1907 2122 7.
1968 2052 2333 2140 Stupebant
2367 2064 2590 2121 autem

316 2173 544 2219 omnes
594 2162 660 2218 et
697 2149 1124 2233 mirabantur,
1179 2154 1472 2222 dicentes
1522 2158 1694 2222 inter
1733 2174 1841 2223 se:
1882 2154 2159 2233 Nonne,
2200 2176 2313 2234 en,
2357 2173 2591 2220 omnes

316 2253 428 2319 isti
481 2246 596 2341 q'ui
635 2251 1021 2340 loquuntur,
1069 2253 1358 2343 Galilaei
1398 2260 1586 2341 sunt?
1680 2258 1742 2323 8.
1802 2256 1889 2321 Et
1929 2253 2264 2344 quomodo
2310 2272 2433 2320 nos
2476 2274 2593 2319 au-

319 2351 530 2421 dimus
571 2354 848 2442 quisque
902 2377 1019 2423 eos
1055 2378 1177 2426 sno
1217 2356 1526 2425 idiomate
1569 2354 1951 2446 loquentes,
2006 2358 2077 2422 in
2132 2377 2264 2443 quo
2306 2355 2443 2420 nati
2483 2377 2595 2420 su-

317 2458 504 2522 mus?
583 2457 645 2522 9.
689 2453 909 2522 Parthi
962 2468 1030 2524 et
1066 2459 1281 2540 Medi)
1337 2469 1403 2526 et
1454 2457 1801 2537 Elamitae,
1850 2469 1916 2524 et
1966 2455 2225 2522 incolae
2277 2455 2599 2543 Mesopo-

320 2557 591 2635 tamiae,
641 2554 922 2622 Iudaeae
965 2569 1031 2624 et
1073 2559 1559 2650 Cappadociae,
1624 2562 1821 2628 Ponti
1863 2567 1929 2626 et
1964 2555 2181 2639 Asiae,
2242 2558 2343 2624 10.
2382 2557 2598 2642 Phry-

323 2660 470 2746 giae
509 2667 576 2726 et
595 2653 1072 2760 *Pamphyliam
1112 2663 1430 2751 Aegypti,
1473 2674 1538 2729 et
1578 2665 1854 2752 partium
1898 2657 2149 2746 Lybies
2185 2681 2411 2725 versus
2454 2657 2600 2744 Cy·

316 2777 568 2836 renem,
613 2769 678 2824 et
719 2760 1012 2827 advenae
1051 2763 1374 2843 Romani,
1460 2764 1560 2832 11.
1598 2763 1827 2852 Iudaei
1870 2771 1935 2825 et
1972 2757 2325 2846 proselyti,
2358 2757 2599 2827 Cretes

292 2868 397 2925 -et
433 2854 706 2936 Arabes,
755 2860 1050 2928 audimus
1087 2861 1437 2951 loquentes
1476 2865 1656 2948 ipsos
1698 2862 1935 2928 nostris
1976 2857 2215 2946 linguis
2254 2859 2605 2946 magnifica

323 2959 480 3025 Dei.
573 2953 676 3022 12.
721 2957 1088 3047 Stupebant
1129 2983 1286 3050 ergo
1328 2983 1556 3029 omnes
1600 2972 1665 3027 et
1699 2958 2115 3039 mirabantur,
2154 2959 2445 3027 dicentes
2485 2957 2604 3026 alii

327 3060 509 3128 aliis=
565 3054 750 3142 Quid
799 3059 930 3128 sibi
965 3061 1109 3130 vult
1147 3063 1313 3130 hoc?
1357 3061 1495 3130 ²13.
1561 3059 1699 3130 Alii
1747 3057 2220 3130 subsannantes
2264 3059 2605 3128 dicebant:

324 3164 558 3232 Musto
591 3155 780 3244 pleni
817 3171 986 3230 sunt.
1670 3155 1675 3160 ⁸

489 3267 550 3335 ὅ.
623 3265 822 3329 Em
865 3275 1056 3326 aiam
1099 3275 1536 3324 emeremus.
1638 3258 1845 3335 Quum
1890 3257 2055 3322 “viros
2113 3256 2423 3343 religiosos
2484 3277 2605 3318 no-

336 3347 541 3424 minat,
576 3346 826 3406 innuere
860 3339 1110 3416 videtur,
1147 3359 1250 3401 eos
1275 3337 1746 3422 Hierosolymam
1784 3335 1973 3400 cultus
1995 3335 2113 3398 Dei
2150 3357 2318 3398 eausa
2342 3334 2603 3397 venisse:

336 3422 511 3488 aienti
547 3421 716 3483 Dens
762 3416 1034 3480 omnibus
1083 3426 1220 3500 post
1257 3416 1693 3514 dissipationem
1726 3413 2003 3490 saeculis,
2050 3413 2211 3494 quasi
2248 3423 2449 3473 erecto
2498 3431 2607 3472 ve-

343 3501 486 3564 xillo
537 3497 835 3560 residuum
873 3493 950 3556 ali
995 3497 1116 3554 uod
1152 3513 1353 3556 semen
1391 3515 1455 3558 in
1494 3493 1704 3554 urbem
1737 3489 1901 3552 illam
1939 3489 2205 3572 collegit,
2246 3490 2381 3571 quia
2411 3488 2607 3549 adbuc

233 3619 238 3632 ·
341 3576 582 3660 vigebat
613 3571 822 3655 templi
870 3572 956 3632 uti
981 3582 1114 3633 itas:
1164 3569 1394 3633 interea
1430 3582 1625 3632 tamen
1675 3567 1875 3632 obiter
1924 3566 2205 3627 admonet
2252 3564 2405 3647 apud
2455 3585 2604 3645 quos

347 3652 690 3738 proficiant,
731 3660 791 3710 et
829 3647 1040 3731 quibus
1076 3649 1308 3730 prosint
1343 3646 1656 3722 miracula,
1702 3644 1915 3726 quibus
1949 3643 2243 3704 Dominus
2278 3645 2607 3724 potentiam

347 3751 516 3796 suain
553 3728 830 3789 declarat.
903 3725 1056 3786 Nam
1101 3725 1262 3806 impii
1304 3737 1366 3786 et
1403 3724 1637 3806 profani
1672 3721 1943 3784 homines
1978 3719 2070 3784 vel
2110 3716 2309 3781 rident
2343 3718 2437 3781 vel
2478 3739 2605 3779 non

355 3818 595 3901 ciii-ant,
648 3799 1137 3893 quemadmodum
1203 3802 1399 3864 statim
1456 3799 1797 3894 yidebimus.
1890 3799 2209 3858 Praeterea
2265 3817 2367 3859 eos
2422 3795 2607 3856 voluit

351 3878 1022 4032 {ltcaileessesotzi'r’eiqffit
1054 3876 1342 4040 pnbteffigff
1366 3876 1715 4016 {ihdini-sis
1750 3950 2097 4034 regionibus
2137 3963 2199 4012 et
2232 3949 2437 4043 longe·
2455 3951 2609 4009 inter

343 4057 420 4110 ,se
459 4035 684 4099 dissitis.
757 4033 910 4094 Nam
959 4041 1020 4090 et
1065 4044 1276 4112 postea
1320 4043 1507 4094 terras
1559 4040 1984 4092 commemorat
2062 4049 2171 4088 uae
2209 4028 2439 4112 ingenti
2474 4047 2607 4106 spa-

351 4114 442 4175 tio
482 4113 801 4186 distabant,
837 4107 1163 4198 cuiusmodi
1211 4120 1349 4171 sunt
1381 4107 1573 4192 Lybie
1612 4115 1675 4167 et
1711 4105 1969 4178 Pontus,
2018 4049 2209 4196 Roma
2256 4117 2336 4196 et·
2352 4102 2608 4177 Parthia,

353 4199 534 4282 atque
581 4186 802 4251 Arabia
851 4197 916 4248 et
947 4183 1181 4247 similes.
1241 4187 1378 4279 {loc
1398 4185 1490 4278 ‘ad
1526 4181 1869 4276 augendam·
1892 4181 1982 4276 rei
2016 4181 2476 4265 magnitudinem
2513 4199 2609 4239 va·-

353 4256 2609 4428 *in0132sm0222‘zzmixsiff‘2effsss²ziia·2a3.⁰÷2zessfflss²zt

1518 3877 1715 3937 ionem
1736 3872 2023 3935 habeatur
2042 3874 2171 3956 plus
2191 3873 2344 3935 fidei.
2404 3873 2605 3948 Quum
