2788 4713
1192 3 1293 11 v-——
1308 3 1325 14 v
1390 5 1408 7 --
1639 5 1644 7 -
1683 3 1718 12 *v
1783 5 1854 12 Ἴ

1089 257 1369 322 CAPUT
1408 244 1547 327 vn.
2352 273 2469 337 ω

185 427 286 472 ros
323 407 494 470 Deus
529 421 646 488 per
679 413 874 466 totum
911 403 1124 466 orbem
1162 402 1452 486 dispersit,
1492 403 1633 464 dare
1667 419 1907 486 operam
1928 408 2209 472 convenit
2235 423 2302 474 ut
2324 433 2461 480 eum

183 495 580 627 ¹³¹²“s⁵²¹¹ii⁸
621 481 986 642 i‘eii‘z'flffi’
1013 481 2141 634 ⁸²⁰⁶3233¹23202¹331⁶33322‘aliam
2167 492 2461 628 “We-⁸·

390 609 404 624 ,
973 581 1059 618 us.
2072 585 2145 624 ur
2165 584 2289 627 esse
2350 593 2456 634 m-

183 661 334 700 num
375 637 607 710 foedus,
644 636 992 696 calumniam
1031 635 1145 697 sihi
1183 634 1265 694 im
1313 635 1521 695 ositam
1560 633 1795 694 abunde
1834 649 2066 718 purgat,
2102 642 2204 701 sed
2229 647 2458 709 intere,

183 734 507 797 perperam
557 715 748 774 facere
786 713 1039 774 Iudaeos
1087 722 1258 772 osten
1303 712 1379 785 it,
1432 711 1481 771 si
1532 713 1591 770 in
1643 723 1885 771 externo
1937 713 2207 794 symbolo
2254 721 2456 786 salutis

185 813 332 852 snae
371 791 594 850 initium
631 801 904 851 statuant.
979 790 1128 850 Nam
1166 789 1214 848 si
1254 789 1413 869 prius
1451 799 1692 848 vocatus
1730 787 1843 864 fuit
1878 787 2175 852 Abraham
2214 807 2275 856 et
2310 819 2457 880 pro-

187 870 368 928 missa
416 869 536 928 eius
579 867 788 927 semini
827 878 985 926 terra
1025 887 1091 927 ac
1132 865 1467 946 redemptio
1506 885 1681 956 quam
1718 865 2265 946 circumcideretur,
2311 877 2453 940 sati,

191 955 439 1081 :2¹53
463 941 2285 1083 3‘3332215‘3§itsfflzfflffltssz22:5⁶5?-P‘ss‘lffi‘·
2330 951 2454 1090 {27

191 1099 468 1158 iustitiam
507 1096 568 1156 in
610 1040 924 1178 praepffiio
965 1096 1208 1177 adeptus
1245 1095 1322 1155 sit
1356 1085 1658 1155 Abraham
1700 1104 1762 1155 et
1788 1061 1927 1155 D’eo
2010 1047 2453 1175 lacuericqi'nde

187 1173 692 1236 circumcisionem
743 1169 980 1256 colligit
1029 1193 1154 1234 non
1203 1191 1328 1232 esse
1367 1171 1621 1232 iustitiae
1662 1190 1905 1234 causam.
2032 1173 2265 1237 'idemus
2305 1197 2453 1262 ergo

179 1250 554 1333 Stephanum
591 1249 838 1310 minime
873 1269 1076 1332 vagam
1117 1260 1180 1308 et
1217 1249 1467 1308 otiosam
1505 1247 1905 1310 narrationem
1922 1259 2144 1326 texere,
2178 1254 2313 1333 quia
2335 1255 2453 1320 hoe

179 1328 253 1388 ad
296 1349 527 1388 causam
567 1325 885 1408 plurimum
925 1327 1240 1400 intererat,
1289 1337 1357 1388 ut
1393 1324 1677 1384 memoria
1722 1335 2003 1386 tenerent
2036 1324 2261 1404 Iudaei,
2301 1353 2454 1412 quo-

175 1404 367 1464 modo
409 1425 546 1464 cum
583 1401 848 1496 patribus
884 1404 1000 1464 suis
1039 1402 1304 1482 adoptati
1341 1422 1374 1462 a
1411 1400 1549 1460 Deo
1590 1410 1801 1460 essent.
1876 1402 1966 1462 Ac
2013 1404 2325 1484 probabile
2365 1422 2457 1473 est

177 1493 502 1562 utrumque
541 1480 759 1540 diserte
797 1501 830 1540 a
869 1479 1173 1562 Stephano
1215 1478 1390 1537 fuisse
1431 1495 1791 1570 expressunt
1832 1478 1993 1612 pund
2030 1483 2263 1544 tametsi
2300 1485 2453 1548 divi-

177 1559 344 1618 nitus
381 1557 601 1618 tradita
639 1555 822 1616 suerit
860 1555 1223 1618 circumcisio
1262 1566 1592 1637 ut⁸gratnae
1628 1556 1834 1646 symbo
1860 1575 1957 1614 um
1998 1570 2169 1634 esset,
2208 1579 2335 1622 eam
2358 1575 2451 1626 ta-

175 1654 320 1696 men
360 1633 574 1695 ordine
613 1644 674 1692 et
711 1643 980 1725 tempore
1019 1632 1262 1712 adoptio
1313 1642 1715 1714 praecessent.
1793 1631 2108 1696 Caeterum
2158 1636 2233 1697 de
2280 1637 2339 1699 vi
2390 1652 2453 1703 et

177 1723 392 1771 natura
433 1709 894 1770 circumcisionis
935 1708 1027 1769 hic
1065 1707 1302 1790 longius
1343 1707 1431 1768 dis
1477 1706 1626 1766 utari
1662 1725 1903 1768 necesse
1942 1729 2063 1770 non
2102 1724 2209 1774 est.
2287 1715 2453 1778 Tan·-

176 1799 308 1848 tum
350 1787 468 1847 hoc
505 1796 810 1862 notemus,
845 1785 1042 1846 Deum
1080 1786 1243 1866 prius
1279 1783 1443 1845 Abra
1489 1803 1557 1842 ae
1592 1784 1945 1864 promittere
1982 1807 2134 1869 quae
2181 1811 2291 1870 per
2336 1793 2455 1854 cir..

179 1863 604 1924 cumcisionem
643 1873 849 1944 postea
875 1861 1206 1935 confirmat,
1227 1873 1296 1919 ut
1322 1860 1566 1921 sciamus
1592 1861 1757 1942 signa
1783 1857 1891 1920 nisi
1919 1879 2242 1941 praeeunte
2260 1869 2449 1933 verbo

178 1961 330 2005 vana
373 1952 435 2000 et
471 1939 639 1999 nihili
682 1957 824 2000 esse.
903 1939 1191 1999 Notemus
1231 1939 1407 1998 etiam
1447 1937 1509 1995 in
1550 1937 1792 1996 nomine
1812 1935 2089 2018 foederis
2110 1944 2313 2004 utilem
2340 1946 2453 2008 do-

181 2017 432 2078 ctrinam
474 2015 794 2076 contineri:
854 2015 1050 2075 Deum
1087 2014 1311 2076 scilicet
1346 2013 1655 2076 nobiscum
1703 2011 1765 2072 in
1803 2017 2176 2080 sacramentis
2215 2021 2453 2102 pacisci,

179 2104 252 2154 ut
286 2113 550 2154 amorem
589 2112 730 2176 erga
767 2113 878 2153 nos
916 2113 1084 2153 suum
1124 2102 1390 2164 testetur.
1510 2089 1745 2165 Quodsi
1782 2109 1986 2152 verum
2034 2105 2151 2170 est,
2198 2098 2450 2180 primum

181 2191 310 2232 non
349 2169 532 2230 modo
575 2182 848 2229 externae
884 2177 1021 2229 sunt
1059 2166 1439 2250 professionis
1478 2179 1654 2228 notae
1694 2167 1849 2247 apud
1888 2167 2175 2248 homines,
2211 2176 2314 2236 sed
2354 2176 2449 2237 in..

179 2257 278 2306 tus
317 2266 516 2308 coram
557 2245 695 2307 Deo
735 2246 808 2306 ad
846 2243 984 2306 fidei
1023 2244 1533 2306 confirmationem
1567 2243 1783 2303 valent.
1859 2245 2118 2321 Deinde,
2157 2271 2281 2311 non
2320 2253 2449 2314 ina-

183 2343 292 2385 nes
331 2335 470 2384 sunt
505 2323 754 2409 figurae,
792 2321 926 2405 quia
964 2321 1125 2384 Dens
1166 2323 1268 2403 qui
1303 2340 1475 2383 verax
1498 2330 1588 2384 est
1609 2318 1757 2383 nihil
1780 2319 1899 2385 illic
1921 2321 2135 2407 figurat
2152 2328 2312 2408 quod
2325 2349 2451 2392 non

185 2412 465 2483 praestet.
1041 2434 1044 2439 ·
1089 2412 1096 2426 '
2450 2441 2455 2449 -

363 2590 424 2655 9.
496 2588 581 2657 Et
641 2586 1052 2657 Patriarchae
1115 2586 1547 2655 aemulatione
1618 2588 1780 2654 moti
1846 2586 2084 2674 Ioseph
2138 2592 2456 2661 vendide-

179 2699 340 2756 runt
380 2690 448 2753 in
487 2692 878 2778 Aegyptum.
959 2689 1119 2755 Erat
1159 2700 1374 2755 tamen
1416 2690 1603 2755 Deus
1652 2710 1797 2753 cum
1838 2686 1977 2765 illo,
2052 2690 2155 2757 10.
2197 2694 2284 2760 Et
2324 2699 2451 2763 eri-

179 2792 328 2879 puit
383 2810 528 2855 eum
567 2812 662 2857 ·ex
731 2786 1031 2856 omnibus
1091 2789 1557 2856 afflictionibus
1609 2790 1779 2855 eius:
1828 2810 1906 2854 ac
1947 2788 2133 2858 dedit
2166 2792 2269 2860 illi
2309 2818 2450 2885 gra-

177 2896 334 2958 tiam
369 2901 448 2977 ,et
478 2894 862 2978 sapientiam
905 2912 1121 2957 coram
1161 2890 1521 2971 Pharaone,
1570 2913 1723 2977 rege
1764 2890 2081 2980 Aegypti,
2132 2895 2245 2981 qui
2295 2920 2451 2965 con·-

177 2995 390 3059 stituit
453 3011 602 3057 enm
669 2994 1028 3079 principem
1079 3014 1280 3079 super
1327 2994 1731 3079 Aegyptum,
1796 3003 1863 3059 et
1922 3003 2121 3061 totam
2188 2994 2450 3065 domum

176 3116 384 3161 suam.
472 3092 573 3157 11.
617 3094 824 3160 Venit
876 3103 1087 3159 autem
1132 3094 1332 3160 fames
1372 3114 1571 3181 super
1630 3102 1830 3159 totam
1876 3104 2111 3161 terram
2164 3098 2451 3189 Aegypti

179 3208 244 3263 et
290 3192 588 3273 canaan,
631 3186 706 3259 et'
739 3194 1008 3261 afflictio
1050 3217 1309 3281 magnai
1362 3216 1489 3261 nec
1529 3203 1748 3280 patres
1798 3196 2003 3261 nostri
2055 3199 2291 3266 victum
2353 3202 2452 3266 in-

173 3292 556 3362 veniebant.
639 3295 738 3361 12.
777 3295 975 3361 iacob
1020 3308 1232 3362 autem
1275 3317 1471 3383 quum
1514 3293 1822 3361 audiisset
1864 3316 2005 3362 esse
2047 3300 2117 3363 in
2142 3298 2451 3386 Aegypto

177 3396 520 3471 frumenta,
571 3397 743 3460 misit
801 3394 959 3461 illuc
1005 3407 1221 3483 patres
1266 3407 1529 3461 nostros
1578 3398 1871 3481 primum.
1968 3392 2067 3463 13.
2139 3398 2447 3470 Secundo

179 3510 398 3563 antem
466 3494 750 3561 adventu
807 3498 1058 3582 agnitus
1111 3495 1234 3561 fuit
1273 3496 1513 3585 Ioseph
1558 3518 1593 3561 a
1636 3496 1943 3563 fratribus
1983 3502 2135 3565 suis.
2214 3499 2301 3567 Et
2348 3505 2448 3569 in-

173 3599 396 3665 notuit
435 3596 764 3663 Pharaoni
799 3618 1004 3684 genus
1043 3599 1244 3683 ipsius
1282 3596 1538 3683 loseph.
1634 3597 1737 3663 14.
1780 3598 1963 3665 Misit
2009 3618 2169 3685 ergo
2208 3601 2451 3690 Ioseph

177 3711 247 3764 et
293 3700 594 3765 evocavit
635 3709 881 3787 patrem
923 3718 1107 3762 suum
1154 3694 1384 3779 Iacob,
1426 3707 1492 3763 et
1532 3706 1733 3763 totam
1776 3702 2227 3785 cognationem
2266 3726 2448 3770 snam

179 3800 266 3869 ad
311 3805 558 3867 animas
599 3802 1004 3887 septuaginta
1047 3801 1355 3885 quinque.
1440 3798 1539 3863 15.
1580 3796 1943 3866 Descendit
1997 3811 2207 3867 autem
2248 3802 2447 3869 Iacob

177 3906 250 3971 in
287 3904 662 3989 Aegyptum
719 3911 785 3967 et
845 3910 1136 3967 mortuus
1187 3910 1284 3965 est
1322 3900 1494 3986 ipse,
1548 3921 1627 3965 ac
1663 3910 1881 3987 patres
1921 3904 2145 3980 nostri,
2222 3902 2323 3967 16.
2361 3902 2449 3967 Et

177 4000 478 4069 translati
539 4011 690 4068 sunt
741 4005 812 4069 in
851 3998 1138 4068 sichem:
1206 4011 1272 4067 et
1326 4004 1524 4087 positi
1576 4012 1728 4067 sunt
1766 4004 1835 4067 in
1876 4000 2209 4089 sepulcro,
2267 4000 2447 4087 quod

179 4113 428 4173 emerat
463 4100 791 4169 Abraham
831 4104 1046 4189 pretio
1086 4104 1332 4190 argenti
1367 4124 1412 4167 ‘a
1452 4101 1609 4169 filiis
1649 4102 1911 4182 Hemor,
1952 4100 2077 4167 filii
2118 4100 2391 4167 sichem.
2443 4124 2451 4134 ·

333 4240 394 4300 9.
472 4230 598 4295 Iam
637 4233 904 4315 seqnitur
937 4232 1244 4295 maximum
1283 4234 1575 4318 flagitium
1612 4234 1805 4317 gentis
1843 4231 2228 4323 Israeliticae:
2285 4232 2450 4313 quod

185 4308 361 4393 impia
402 4321 465 4371 et
501 4310 726 4372 nefaria
763 4310 1199 4390 conspiratione
1237 4310 1477 4372 fratrem
1516 4312 1817 4371 innoxium
1830 4318 2263 4401 „opp-esserunt,
2300 4328 2451 4401 quae

187 4386 508 4451 crudelitas
543 4408 578 4449 a
615 4399 822 4451 natura
858 4387 1156 4451 abhwet-
1229 4387 1360 4451 Nec
1406 4398 1711 4468 poterant·
1732 4400 2001 4523 texe-spere
2046 4382 2280 4462 Iudaei,
2326 4406 2453 4464 pr}-
