2788 4713
345 243 424 312 ’40
1131 242 1223 306 m
1257 239 1489 306 ACTA
1523 238 1816 306 APOST.

497 391 598 455 32
669 389 852 466 Hm
901 385 1124 449 lesan.
1226 388 1551 468 Postquam
1616 383 1859 447 Davidis
1926 383 2274 448 testimonio
2334 381 2617 468 probavit

351 464 685 547 oportuisse
733 463 1031 527 Christum
1077 483 1419 548 resurgere,
1468 464 1611 525 dicit
1648 483 1715 524 se
1752 475 1816 524 et
1850 461 2111 544 reliquos
2148 461 2405 544 collegas
2444 461 2621 523 huius

349 543 800 604 resurrectionis
840 541 1106 604 oculatos
1145 561 1271 603 esse
1307 553 1505 603 testes.
1582 541 1793 620 Neque
1844 539 2003 600 enim
2040 539 2259 620 patitur
2307 548 2617 599 contextus

349 619 473 680 alio
511 619 666 680 trahi
703 618 988 680 excitandi
1023 618 1288 679 verbum.
1367 617 1543 689 Unde
1579 617 1845 696 sequitur
1880 617 1942 676 in
1981 615 2117 676 Iesu
2154 615 2459 675 Nazareno
2499 615 2619 674 im-

351 693 594 776 pletum·
615 696 793 757 fuisse
832 695 992 776 quod
1029 695 1220 757 David
1259 694 1333 755 de
1359 694 1598 755 Christo
1638 693 2021 773 praedixerat.
2082 692 2297 753 Postea
2321 690 2395 750 de
2418 691 2621 751 fructu

352 770 710 834 vel’effectu
751 771 999 832 disserit.
1073 770 1230 832 Illud
1268 771 1427 830 enim
1464 769 1667 849 priore
1721 768 1859 830 loco
1909 767 2430 829 demonstrandum
2480 767 2623 841 fuit,

355 847 662 910 Christum
714 847 928 910 vivere.
1011 845 1254 928 Alioqui
1312 845 1631 908 absurdum
1692 858 1755 906 et
1808 843 2155 906 incredibile
2212 844 2415 905 fuisset
2478 865 2621 906 eum

351 925 505 986 tanti
550 925 816 987 miraculi
863 944 988 987 esse
1035 935 1356 984 auctorem.
1442 921 1632 984 Simul
1676 934 1871 983 tamen
1920 921 2230 996 admonet,
2278 919 2441 983 illum
2490 941 2623 982 non

353 999 470 1066 sibi
517 1001 786 1083 privatim
835 1000 1244 1076 resurrexisse,
1290 999 1399 1063 sed
1442 1012 1511 1062 ut
1548 999 1739 1062 effuso
1780 999 2007 1081 Spiritu
2070 1009 2258 1059 totam
2294 998 2623 1060 Ecclesiam

221 1126 228 1136 ⁸
350 1077 1344 1247 uufssmefflfflcffi:
1420 1153 1676 1214 Dextera
1724 1151 1819 1244 hic
1856 1173 1971 1234 pro
2020 1171 2200 1212 manu
2248 1162 2349 1213 aut
2398 1149 2625 1214 virtute

355 1243 605 1314 eapitur,
641 1243 708 1292 ut
744 1251 956 1311 passim
991 1252 1056 1290 iu
1095 1230 1417 1312 Scriptura.
1480 1230 1630 1290 Vult
1665 1249 1824 1290 emm
1863 1229 2097 1307 dicu-0,
2119 1227 2237 1290 hoc
2276 1227 2451 1290 fuisse
2488 1247 2624 1288 me-

351 1306 644 1370 morabile
681 1307 798 1368 Dei
839 1306 1085 1383 facinus,
1123 1307 1284 1387 quod
1325 1305 1625 1368 Christum
1662 1297 1854 1379 suum,
1934 1303 2372 1372 nemfiomines
2420 1317 2625 1366 morte

351 1385 700 1456 exstinctum
735 1382 1050 1477 putabant,
1097 1383 1160 1444 in
1197 1395 1417 1446 tautam
1456 1383 1685 1466 gloriae
1724 1381 1889 1444 celsit
1970 1383 2127 1446 ine·
2166 1379 2388 1442 extulit.
2460 1381 2627 1442 Pro-

353 1461 556 1522 missio
596 1461 879 1540 Spiritus,
925 1481 1038 1542 pro
1079 1460 1304 1553 Spiritu
1391 1459 1659 1521 romisso.
1735 1459 1857 1520 Iam
1912 1455 2071 1518 ehim
2120 1457 2165 1518 S
2212 1458 2408 1518 iritum
2458 1459 2627 1540 prius

353 1535 660 1617 Apostolis
693 1537 924 1618 saepius
943 1548 1308 1617 promiserat.
1406 1536 1670 1632 ignilicat
1689 1557 1835 1618 ergo
1856 1535 2088 1608 Petrus,
2184 1535 2427 1594 hristum
2449 1555 2629 1614 prae-

354 1612 545 1674 standi
586 1612 916 1675 facultatem
954 1635 990 1674 a
1025 1613 1165 1674 Deo
1203 1613 1390 1678 Patre.
1428 1625 1789 1694 impetrasse.
1880 1612 1960 1672 Et
2016 1611 2465 1693 promissionem
2526 1613 2627 1672 di—

356 1700 518 1750 serte
569 1692 870 1770 exprimit,
928 1702 998 1752 ut
1045 1691 1233 1752 sciant
1275 1690 1481 1752 Iudaei
1543 1690 1657 1752 hoc
1704 1709 1829 1753 non
1866 1687 2065 1750 subito
2104 1687 2455 1770 contigisse,
2514 1687 2629 1749 sed

353 1785 518 1828 nnnc
565 1766 739 1828 fide·
789 1767 1120 1830 constitisse
1167 1766 1505 1848 Prophetae
1548 1764 1774 1843 verbis,
1828 1785 1977 1845 quae
2026 1785 2150 1826 rem
2198 1765 2383 1845 ipsam
2430 1763 2629 1826 multo

353 1843 1284 2003 22‘2‘03525122223203333.
1303 1843 1721 2001 ‘Fiaffi‘sssst‘
1743 1839 2631 1997 aix‘ssiz'tt‘ffit‘313230qffsa

307 2039 320 2050 .
355 2015 395 2056 a
429 2015 496 2057 se
523 1998 652 2080 ipso
693 1998 917 2060 miserit
955 1996 1222 2060 Christus
1263 1995 1304 2056 S
1351 1997 1583 2071 iritum,
1622 2006 1684 2055 et
1719 2016 1753 2056 a
1791 1996 1987 2057 Patre.
2061 1995 2119 2054 A
2164 2013 2227 2056 se
2264 1994 2393 2076 ipso
2442 1995 2631 2070 misit,

357 2072 499 2152 quia
535 2085 806 2135 aeternus
845 2086 934 2135 est
968 2073 1152 2134 Deus.
1229 2074 1282 2133 A
1313 2018 1519 2149 ¹i’atm,
1558 2072 1694 2152 quia
1731 2082 2017 2152 quatenus
2054 2069 2237 2132 homo
2260 2082 2350 2132 est
2384 2085 2419 2132 a
2441 2069 2631 2132 Patre

355 2149 574 2231 accipit
611 2151 772 2230 quod
811 2150 872 2212 in
913 2172 1022 2212 nos
1057 2149 1446 2212 transfundat.
1518 2148 1854 2210 Prudenter
1900 2161 2095 2210 autem
2143 2168 2256 2239 pro
2305 2158 2480 2228 captu
2518 2169 2631 2208 ru-

361 2224 522 2286 dium
553 2217 816 2308 loquitur
833 2227 1066 2301 Petrus,
1099 2246 1176 2286 ne
1199 2227 1328 2308 quis
1353 2225 1821 2306 intempestivam
1851 2224 1925 2285 de
1946 2224 2168 2286 Christi
2200 2236 2415 2286 virtute
2480 2245 2631 2286 uae-
2765 2225 2766 2232 ’

357 2301 613 2367 stionem
653 2315 904 2368 moveat.
979 2302 1060 2364 Et
1105 2313 1267 2365 certe
1307 2324 1486 2385 quum
1528 2298 1787 2363 officiiim
1830 2301 2053 2366 Christi
2091 2302 2196 2378 sit,
2244 2321 2355 2363 nos
2393 2321 2425 2363 a
2502 2301 2629 2363 Pa·-

357 2389 514 2441 trem
553 2382 830 2475 dirigere,
868 2380 1118 2473 baec-ad
1158 2402 1325 2441 usum
1365 2380 1595 2461 pietatis
1634 2379 1927 2459 aptissima
1964 2390 2055 2440 est
2090 2377 2375 2460 loquendi
2412 2378 2631 2470 forma,

359 2458 524 2537 qnod
563 2458 834 2521 Christus
881 2477 1046 2539 quasi
1095 2468 1252 2518 inter
1287 2457 1484 2518 Deum
1526 2468 1589 2517 et
1625 2476 1735 2517 nos
1772 2456 1995 2517 medius
2042 2466 2283 2537 accepta
2318 2472 2391 2536 ᾳ
2428 2454 2631 2517 Patris

357 2554 541 2595 manu
581 2535 737 2597 dona
774 2556 952 2596 manu
987 2553 1090 2595 sua
1129 2533 1302 2595 nobis
1339 2534 1552 2594 tradat.
1626 2532 1943 2594 Praeterea
1993 2532 2086 2593 hic
2139 2532 2289 2593 ordo
2330 2532 2631 2593 notandus

356 2613 660 2752 3332}
689 2607 2635 2751 mggffegstchhggsffugpiifigugngggsggs:dgggdgffluiagnmeffk

357 2774 639 2901 {qus-erg&
676 2769 838 2901 quiaS
850 2765 1116 2857 nondum
1153 2764 1681 2900 glorificatuslerat
1720 2763 1998 2899 Christuffi
2022 2757 2143 2841 (Io.
2165 2768 2223 2837 7,
2244 2706 2401 2899 ἔα).
2424 2762 2633 2855 -ltem,

358 2840 2276 2998 ..3:..2322‘2213'233‘3‘&52:3255;.1.‘{}.2⁷·{;,.m3?.3¹3.⁰2;
2314 2850 2639 2997 3⁸:2¹3?ss

358 2992 534 3053 initio
592 2993 831 3055 mundi=
890 2993 994 3055 sed
1055 2993 1195 3073 «μὴ
1239 2994 1376 3055 lucu
1402 2994 1691 3053 entiorem
1741 2992 1892 3053 hanc
1938 2993 2161 3074 gratiae
2208 2992 2637 3056 abundantiam

363 3066 590 3131 distulit
635 3089 710 3130 eo
757 3089 944 3150 usque
981 3068 1178 3143 Dens,
1227 3069 1380 3130 dum·
1406 3067 1704 3130 Christum
1756 3070 1818 3129 in
1864 3071 2028 3152 regia
2072 3068 2212 3131 sede
2256 3069 2635 3143 collocasset,

361 3145 526 3227 quod
563 3146 853 3229 significat
891 3142 1126 3219 effusio,
1161 3157 1229 3204 ut
1266 3143 1441 3225 paulo
1481 3156 1619 3205 ante
1654 3144 1919 3207 vidimus.
1976 3147 2126 3207 Nam
2168 3145 2280 3206 hoc
2318 3146 2501 3206 modo
2542 3144 2635 3207 vis
2748 3202 2755 3209 .

360 3242 434 3284 ac
473 3222 698 3285 fructus
735 3224 937 3283 mortis
974 3232 1038 3283 et
1086 3221 1534 3281 resurrectionis
1572 3221 1945 3303 obsignatast
2000 3234 2061 3283 et
2082 3222 2253 3284 simul
2271 3222 2412 3282 inde
2428 3242 2635 3305 agno-

361 3301 574 3362 scimus
641 3298 786 3360 nihil
835 3319 945 3360 nos
993 3298 1250 3359 iacturae
1299 3297 1507 3359 fecisse
1553 3319 1731 3378 quum
1784 3318 1819 3359 e
1865 3298 2086 3360 mundo
2126 3298 2425 3381 migravit,
2472 3320 2634 3380 quo..

359 3376 518 3439 niam
557 3377 769 3438 absens
807 3374 1064 3457 corp'ore
1101 3374 1144 3435 S
1189 3372 1354 3436 iritus
1392 3375 1483 3435 sui
1520 3375 1703 3458 gratia
1742 3373 1915 3436 nobis
1952 3374 2159 3437 melius
2195 3374 2375 3437 adest.

514 3460 610 3519 34.
685 3453 892 3533 Neque
925 3454 1078 3511 enim
1111 3396 1335 3512 limfa.
1416 3452 1675 3513 Tametsi
1714 3452 1789 3513 ab
1828 3455 1959 3533 ipso
2000 3452 2223 3512 effectu
2304 3472 2375 3513 ue
2476 3471 2633 3513 oen..

360 3528 434 3591 lis
473 3528 817 3606 cernebant,
856 3524 1138 3611 colligere
1173 3539 1515 3611 promptum
1556 3540 1700 3605 erat,
1744 3530 1939 3591 datum
1980 3527 2219 3591 Christo
2288 3530 2399 3589 uiss
2456 3530 2633 3609 prin-

362 3608 654 3687 cipatum,
705 3628 824 3687 quo
873 3618 1074 3667 tamen
1111 3604 1242 3699 plus
1279 3604 1418 3666 fidei
1455 3604 1670 3667 habeat
1706 3606 1827 3667 eius
1866 3605 2086 3699 gloria,
2132 3604 2351 3687 probat
2386 3604 2633 3669 Davidis

359 3684 736 3759 testimonio,
773 3684 858 3744 sic
896 3682 1010 3743 iam
1052 3682 1216 3751 olim,
1235 3682 1411 3744 fuisse
1450 3704 1486 3746 a
1522 3682 1657 3744 Deo
1696 3692 2109 3757 constitutum,
2148 3694 2215 3743 ut
2254 3680 2525 3743 Christus
2566 3682 2633 3745 in

361 3782 650 3825 summum
690 3760 933 3824 honoris
1013 3760 1214 3823 tadum
1257 3758 1653 3821 extolleretur.
1718 3758 2091 3819 Tantundem
2131 3758 2287 3821 enim
2326 3758 2483 3819 valet
2522 3761 2634 3823 ista

357 3837 654 3921 loquutio‚
691 3836 898 3899 sedere
937 3858 970 3897 a
1047 3835 1343 3897 dexteram
1377 3836 1515 3909 Dei,
1554 3856 1623 3913 ac
1660 3856 1949 3897 summum
1986 3834 2295 3915 imperium
2332 3834 2636 3912 obtinere,
2680 3882 2695 3903 .

359 3914 850 4013 quemadmodum
888 3925 1096 3994 postea
1139 3914 1317 3974 fusius
1357 3910 1610 4007 dicetur.-
1643 3912 1845 4009 .1.'¹'iu³
1891 3932 2019 4005 uam
2058 3925 2253 3973 tamen
2288 3912 2628 3973 vaticinium

357 3990 973 4143 ἷξῗξῖἷέιὲἓὲἷῗῗῖο
1001 4002 1659 4129 ῗὲᾅέἕῗὲἕῗὲἒὲῗ
1694 3986 2633 4133 1³¹..fiusstssss't'32ffiffi‘0dszi-sss‘x

360 4165 491 4207 esse
539 4168 574 4209 a
613 4147 782 4223 Deo,
817 4155 885 4209 ut
922 4142 1046 4207 Rex
1083 4144 1156 4205 ad
1209 4143 1503 4208 dexteram
1542 4141 1919 4205 eius-sedeat.
1992 4142 2179 4223 Atqui
2237 4141 2353 4203 hoc
2392 4142 2467 4203 ad
2506 4142 2635 4202 Da-

359 4220 555 4285 videm
604 4244 727 4286 non
819 4222 1065 4296 ertinet,
1123 4219 1224 4301 qui
1271 4220 1331 4280 in
1379 4228 1600 4279 tantam
1641 4218 2006 4279 altitudinem
2052 4239 2353 4299 uunquam
2393 4230 2634 4280 evectus

361 4298 491 4361 fnit.
567 4300 732 4385 Ergo
811 4321 885 4362 oc
926 4297 999 4361 de
1039 4295 1278 4361 Christo
1299 4295 1634 4377 ‘praedicat
1696 4296 1929 4371 ‘Pori-o,
1968 4295 2128 4377 quod
2148 4294 2405 4375 Spiritus
2442 4296 2635 4359 sancti

361 4375 607 4447 oraculo
627 4376 992 4464 praedictum
1036 4376 1230 4440 fuerat
1265 4372 1521 4453 Iudaeis,
1558 4395 1683 4439 non
1706 4372 1965 4439 debebat
1984 4392 2203 4443 novum
2224 4370 2427 4439 videri·
2468 4372 2631 4439 uine
