2788 4713
1070 283 1343 380 caput
1382 285 1510 346 κν.
2254 287 2408 354 ‘siis
2453 376 2460 386 ι

170 431 312 491 lant.
390 429 536 491 Ideo
576 427 789 490 Paulus
826 425 987 508 (Gal.
1025 433 1085 505 6,
1122 435 1239 507 17.)
1278 431 1540 512 stigmata
1581 429 1822 505 Christi,
1861 449 2009 511 quae
2047 433 2110 492 in
2149 451 2406 514 corpore

170 527 281 568 suo
320 506 618 589 gestabat,
654 508 835 584 instar
872 504 1059 585 clypei
1098 506 1355 587 praefert
1391 507 1462 567 ad
1501 505 1868 586 repellendos
1907 508 2256 584 nebulones,
2303 509 2405 590 qui

173 585 298 644 eius
340 583 639 643 doctrinae
676 582 905 642 molesti
943 593 1127 642 erant.
1205 582 1467 642 Tametsi
1499 589 1689 642 autem
1729 583 2022 662 plerisque
2057 587 2306 650 strenuis
2347 596 2410 646 et

173 659 431 736 cordatis
466 658 765 741 Evangelii
804 658 1143 719 doctoribus
1182 677 1304 717 non
1345 659 1667 740 contingit,
1715 680 1824 739 pro
1863 658 2184 740 Evangelio
2221 681 2406 742 usque

170 736 245 797 ad
284 736 436 795 vitae
473 734 791 816 periculum
832 746 1085 808 certare,
1124 735 1253 816 quia
1293 753 1385 794 res
1425 756 1544 795 non
1586 734 1861 815 postulat,
1899 733 2012 794 boc
2049 747 2242 796 tamen
2281 759 2406 798 non

173 810 407 885 obstat,
446 812 583 890 quin
622 811 736 872 suis
776 809 1119 892 martyribus
1160 811 1564 870 auctoritatem
1607 811 1873 872 Christus
1912 811 2216 893 conciliet,
2255 834 2408 893 quo-

172 887 286 947 ties
322 888 383 946 in
424 887 825 948 memorabiles
864 886 1173 946 conflictus
1214 906 1315 948 eos
1354 889 1648 968 producit.
1725 887 1958 946 Interea
1998 887 2207 967 quibus
2247 889 2406 951 nulla

174 975 265 1024 est
304 961 557 1023 bellandi
597 964 921 1035 necessitas,
949 965 1139 1060 parati
1179 974 1370 1023 tamen
1394 964 1514 1024 sint
1551 964 1620 1023 ad
1662 962 2026 1022 fundendum
2048 963 2432 1044 sanguinem,-

172 1040 233 1101 si·
262 1041 495 1120 quando
534 1040 610 1099 ita
646 1039 780 1100 Deo
818 1041 1007 1100 visum
1046 1039 1234 1099 suerit.
1312 1039 1625 1100 Caeterum
1648 1037 1814 1100 Pauli
1853 1050 1913 1099 et
1942 1039 2246 1100 Barnabae
2285 1038 2408 1098 for·-

170 1117 480 1176 titudinem
531 1137 653 1176 non
700 1115 1036 1196 pra-edicant
1073 1115 1377 1196 Apostoli,
1438 1116 1550 1176 nisi
1600 1117 1662 1176 in
1713 1116 1869 1175 bona
1922 1136 2120 1174 causa:
2220 1114 2312 1175 uia
2358 1114 2409 1176 si

170 1192 309 1254 satis
348 1205 499 1253 esset
539 1193 829 1272 intrepide
869 1191 1029 1250 adire
1067 1191 1355 1272 pericula,
1392 1191 1536 1254 nihil
1575 1214 1606 1252 a
1644 1191 2016 1252 tumultuosis
2057 1204 2118 1252 et
2153 1213 2190 1272 p
2237 1209 2409 1252 rene-

168 1269 333 1342 ticis,
380 1269 521 1328 nibil
562 1289 595 1328 a
633 1265 1049 1352 gladiatoribus
1088 1267 1398 1327 differrent
1435 1267 1653 1328 Christi
1691 1267 1995 1348 Martyres.
2070 1267 2413 1333 Laudamur

168 1363 317 1404 ervo
358 1345 571 1405 Paulus
613 1358 673 1404 et
696 1343 1007 1418 Barnabas,
1046 1364 1169 1403 non
1208 1343 1367 1424 quod
1406 1344 1747 1436 simpliciter
1783 1363 1844 1404 se
1885 1342 2214 1404 obiecerint
2251 1345 2408 1440 peri-

172 1441 245 1482 eu
273 1423 341 1494 is,
377 1421 477 1480 sed
503 1419 663 1501 qnod
702 1431 949 1480 mortem
991 1441 1099 1500 pro
1126 1419 1347 1480 Christi
1384 1440 1624 1481 nomine
1662 1441 1784 1480 non
1821 1420 1948 1479 refu
1996 1420 2164 1480 erint.
2223 1418 2408 1480 Forte

170 1498 344 1557 etiam
370 1497 417 1556 A
468 1495 673 1556 ostolis
697 1494 1003 1555 consilium
1046 1495 1157 1556 fuit
1176 1495 1418 1575 oblique
1455 1497 1848 1578 perstringere
1889 1515 1962 1555 ne
2008 1495 2214 1556 ulones
2251 1495 2406 1572 illos,

170 1573 277 1708 aui
318 1519 461 1632 nihil
509 1592 761 1650 unquam
802 1591 910 1650 pro
952 1569 1191 1632 Christo
1232 1571 1380 1653 passi
1423 1592 1489 1631 ex
1527 1571 1730 1630 umbra
1767 1593 1866 1631 sua
1908 1585 1968 1631 et
2005 1571 2224 1632 deliciis
2262 1593 2408 1652 pro·
2487 1586 2496 1604 ·

218 1649 403 1708 ierant
438 1647 507 1707 ad
550 1646 858 1708 turbandas
884 1647 1179 1722 ecelesias,
1218 1668 1368 1729 quae
1407 1648 1679 1709 animosis
1701 1647 1918 1709 Christi
1954 1646 2232 1709 militibus
2255 1649 2406 1710 tanti

168 1724 577 1786 constiterant.

326 1805 421 1864 28.
500 1797 713 1858 Visum
747 1813 829 1860 esi
862 1799 1112 1876 spirit-d
1144 1815 1343 1862 saneto
1378 1823 1451 1861 ac
1481 1799 1660 1860 nobis.
1740 1799 1921 1876 Quod
1969 1821 2036 1862 se
2079 1801 2404 1884 adiungunt

168 1875 449 1956 Apostoli
486 1885 547 1934 et
583 1875 917 1958 Presbyteri
955 1876 1201 1958 Spiritui
1249 1889 1452 1938 sancto
1507 1879 1776 1950 comites,
1840 1878 1900 1938 in
1967 1899 2040 1938 eo
2101 1877 2252 1938 nihil
2295 1879 2407 1939 sibi

168 1971 433 2014 seorsum
473 1951 833 2027 attribuunt,
870 1953 969 2028 sed
1010 1954 1254 2035 perinde
1294 1953 1444 2014 valet
1483 1954 1624 2014 baec
1650 1953 1927 2035 ‘loquutio
1967 1958 2084 2015 acsi
2119 1955 2425 2030 dicei-eng·

166 2028 283 2090 sibi
323 2027 529 2088 ducem
580 2049 647 2088 ac
730 2027 1003 2089 raesidem
1058 2031 1231 2091 fuisse
1271 2030 1589 2111 Spiritum,
1649 2050 1830 2110 seque
1867 2051 1940 2091 eo
1981 2031 2238 2091 dictante
2284 2043 2408 2106 stae

164 2105 347 2166 tuisse
388 2103 547 2185 quod
583 2125 695 2166 scri
739 2117 861 2165 unt.
948 2107 1109 2166 Haec
1160 2108 1315 2166 enim
1364 2105 1645 2186 loquendi
1691 2109 1842 2166 ratio
1887 2108 2023 2167 satis
2069 2109 2278 2169 usitata
2314 2119 2408 2168 est

168 2181 303 2241 Scri
346 2193 540 2256 turae,
587 2193 671 2240 ub
690 2195 825 2274 post
864 2203 1191 2264 expressum
1242 2183 1358 2243 Dei
1415 2203 1632 2244 nomen
1672 2185 1967 2244 ministros
2021 2204 2139 2262 quo
2185 2206 2258 2243 ue
2307 2205 2404 2244 se-

167 2279 282 2318 cun
329 2278 365 2317 o
406 2258 539 2318 loco
591 2257 872 2319 subiiciat.
972 2259 1169 2334 Quum
1226 2259 1444 2320 dicitur
1488 2258 1740 2338 populus
1804 2259 2110 2319 credidisse
2211 2279 2282 2320 eo
2333 2279 2402 2319 ae

166 2335 321 2395 Mosi
359 2355 527 2395 servo
568 2334 690 2395 eius
730 2335 941 2415 (Exod.
980 2343 1076 2408 14,
1112 2335 1257 2412 31.),
1295 2355 1417 2394 non
1459 2334 1748 2394 laceratur
1783 2333 1947 2410 fides,
1991 2335 2152 2413 quasi
2191 2337 2400 2414 partim

166 2411 339 2487 Deo,
392 2411 603 2491 partim
656 2410 878 2471 homini
926 2412 1157 2471 mortaii
1206 2431 1268 2470 se
1327 2410 1624 2471 addixerit.
1726 2410 1886 2483 Quid
1937 2410 2118 2491 ergo?
2188 2428 2403 2490 nempe

170 2494 349 2567 quum
389 2486 637 2567 populus
664 2486 857 2546 Deum
898 2486 1141 2547 baberet
1178 2486 1415 2545 unicum
1446 2486 1578 2545 fidei
1616 2504 1754 2545 suae
1777 2498 2095 2557 auctorem,
2133 2484 2402 2546 ministro

168 2564 295 2629 eius
333 2584 362 2621 a
404 2584 520 2643 quo
564 2574 687 2622 erat
720 2562 1119 2642 inseparabilis
1158 2562 1327 2619 fidem
1368 2560 1649 2620 adhibuit.
1725 2562 1850 2621 Nec
1889 2582 2030 2621 vero
2068 2560 2238 2620 aliter
2275 2580 2404 2620 cre-

168 2640 311 2699 dere
348 2640 480 2699 Deo
523 2649 757 2719 poterat
790 2660 957 2717 quam
1000 2638 1323 2699 doctrinam
1361 2658 1391 2697 a
1417 2636 1581 2696 Mose
1619 2637 1978 2715 propositam
2001 2636 2402 2716 amplexando,

166 2716 337 2777 sicuti
376 2715 531 2795 prius
571 2714 874 2797 repudiato
915 2727 1231 2849 ερτεῑοιῖιε
1256 2714 1422 2773 Mose
1444 2713 1558 2771 Dei
1583 2712 1782 2795 iugum
1808 2724 2190 2772 excusserant.
2252 2713 2396 2786 Quo

170 2794 345 2851 etiam
386 2791 684 2853 refellitur.
712 2812 911 2849 eorum
954 2812 1140 2871 impro
1188 2791 1323 2865 itas,
1368 2790 1466 2868 qui
1508 2789 1680 2848 fidem
1721 2788 1908 2870 plenis
1945 2788 2140 2850 buccis
2178 2789 2394 2849 iactan-

170 2878 263 2927 tes
313 2867 601 2929 Ecclesiae
654 2868 1034 2927 ministerium
1086 2867 1259 2947 impie
1318 2887 1440 2926 non
1492 2866 1676 2925 minus
1807 2887 1896 2925 am
1943 2864 2195 2945 superbe
2253 2886 2398 2945 cou-
2501 2905 2512 2913 -

169 2956 455 3009 temnunt.
530 2944 675 3003 Nam
716 2956 782 3003 ut
819 2944 1091 3025 sacrilega
1132 2953 1280 3003 esset
1359 2941 1618 3016 attilio,=n
1635 2942 1682 3005 si
1727 2888 1870 3001 ades
1906 2940 1998 3004 vel
2043 2943 2103 3001 in
2153 2942 2396 3003 minimo

170 3020 413 3080 articulo
453 3021 755 3100 separatim
796 3021 869 3080 ab
910 3021 1145 3080 homine
1184 2964 1500 3113 penXeret,
1549 3018 1632 3079 sic
1673 3018 1926 3079 ludibrio
1965 3017 2162 3077 Deum
2201 3019 2390 3100 palam

168 3095 420 3172 habent,
460 3100 557 3177 qui
597 3098 921 3177 praeteritis
960 3097 1266 3170 ministris,
1312 3114 1424 3177 per
1461 3114 1608 3174 quos
1645 3094 1935 3175 loquitur,
1972 3093 2133 3153 illum
2170 3114 2234 3155 se
2273 3114 2398 3154 ma·-

212 3172 408 3232 ‘strum
450 3174 711 3253 recipere
748 3174 1035 3234 simulant.
1109 3174 1345 3253 Negant
1382 3172 1564 3253 igitur
1583 3170 1856 3253 Apostoli
1897 3190 1963 3231 ex
1999 3192 2108 3231 suo
2145 3171 2394 3231 cerebro

166 3191 475 3309 fibriensse
517 3250 675 3329 quod
712 3250 984 3331 gentibus
1020 3250 1257 3309 tradunt
1295 3250 1615 3320 decretum,
1651 3248 1752 3309 sed
1791 3258 2016 3310 tantum
2055 3246 2232 3307 fuisse
2255 3246 2394 3327 Spi-

104 3382 117 3391 ,
166 3326 313 3385 ritus
352 3326 667 3398 ministros,
704 3338 769 3385 ut
792 3326 906 3385 Dei
933 3318 1277 3385 auctoiitate
1302 3324 1734 3397 commendent,
1774 3323 1931 3402 quod
1969 3323 2042 3384 ab
2082 3324 2102 3382 i
2147 3344 2212 3385 so
2251 3342 2394 3403 pro·

169 3401 387 3461 fectum
440 3400 689 3459 fideliter
738 3422 843 3481 per
888 3400 1087 3460 manus
1134 3401 1389 3460 tradunt.
1485 3398 1572 3459 Ita
1614 3400 1824 3479 Paulus
1878 3420 2065 3479 quum.
2146 3397 2395 3481 vangelii·

167 3476 256 3537 sui
296 3478 577 3550 meminit,
618 3497 737 3536 non
764 3477 1027 3537 obtrudit
1062 3496 1278 3537 novum
1293 3475 1696 3555 Evangelium,
1733 3476 1896 3536 cuius
1933 3476 1952 3534 i
1993 3496 2056 3536 se
2092 3479 2168 3536 sit
2203 3475 2394 3537 arcbi-

164 3562 375 3621 tectus,
414 3554 513 3611 sed
552 3551 710 3632 quod
747 3554 857 3614 sibi
898 3553 1263 3613 commissum
1306 3550 1416 3609 fuit
1454 3571 1484 3609 a
1526 3550 1764 3613 Christo
1800 3572 1940 3631 prae
1983 3552 2111 3613 icat.
2183 3550 2392 3613 hsulsi

164 3645 313 3689 vero
350 3628 646 3707 Papistae,
698 3630 795 3709 qui
847 3649 913 3687 ex
954 3628 1039 3688 his
1076 3629 1269 3693 verbis
1306 3626 1558 3707 probare
1605 3627 1811 3688 volunt
1856 3648 2035 3709 penes
2073 3627 2392 3694 Ecclesiam

162 3701 423 3763 residere
462 3704 674 3783 aliquid
706 3707 985 3797 propriae
1021 3702 1408 3765 auctoritatis:
1453 3701 1584 3781 ⁸imo
1633 3708 1828 3765 secum
1878 3706 1990 3787 ipsi
2035 3718 2236 3786 aperte
2279 3724 2390 3784 pu·-

253 3791 385 3841 ant:
448 3779 589 3855 Quo
629 3799 781 3840 enim
822 3792 1121 3861 praetextu
1163 3798 1355 3839 errare
1392 3778 1714 3839 Ecclesiam
1747 3800 1876 3841 non
1929 3801 2098 3863 posse
2139 3793 2390 3841 conten-

162 3800 346 3927 ssot,
383 3854 495 3915 nisi
532 3856 665 3947 quia
696 3857 1030 3918 immediate
1068 3876 1102 3917 a
1140 3856 1362 3937 Spiritu
1401 3868 1602 3915 sancto
1642 3857 1902 3939 regitur?
1964 3859 2100 3918 ideo
2141 3857 2389 3917 clamose

161 3936 383 3995 iactant
420 3932 667 4011 Spiritus
708 3952 831 3993 esse
869 3932 1128 4005 oracula,
1166 3950 1311 4012 quae
1352 3952 1458 3991 nos
1499 3952 1702 3993 eorum
1741 3934 1778 3993 fi
1882 3946 2015 3995 enta
2055 3952 2178 3993 esse
2218 3952 2388 3993 coar-

158 4012 405 4093 guimus.
494 4008 687 4068 Stulte
736 4028 877 4089 ergo
922 4021 1135 4101 urgent
1179 4006 1520 4087 particulam
1567 4009 1743 4086 banc,
1849 4012 1993 4071 isum
2047 4018 2134 4069 est
2185 4006 2388 4069 nobis:

162 4088 301 4172 quia
336 4086 387 4147 si
426 4086 729 4167 quicquam
764 4097 1099 4144 censuerint
1135 4075 1404 4165 Apostoli
1439 4104 1704 4161 seorsum
1743 4108 1774 4147 a
1813 4087 2068 4167 Spiritu,
2115 4084 2390 4143 concidet

162 4162 417 4301 primum
469 4162 611 4223 illud
661 4160 909 4234 axioma,
953 4158 1116 4221 Nihil
1163 4178 1195 4222 a
1238 4160 1520 4225 Conciliis
1569 4159 1806 4224 decerni
1855 4174 2090 4244 praeter
2139 4160 2387 4240 Spiritus

204 4240 397 4301 ietata.

314 4315 553 4377 Finem·
586 4310 727 4375 haec
761 4316 1098 4375 necessaria.
1184 4314 1367 4376 Huius
1418 4316 1578 4376 vocis
1627 4326 1928 4396 praetextu
1975 4312 2228 4395 superbe
2274 4313 2386 4374 tri-

161 4393 445 4474 umphant
479 4392 767 4475 Papistae,
808 4390 967 4475 quasi
1008 4389 1336 4456 bominibus
1372 4389 1548 4455 liceat
1582 4392 1738 4457 ferre
1777 4390 1955 4473 leges,
1995 4412 2142 4471 quae
2171 4386 2406 4479 ‘neces-⁶
2473 4398 2480 4405 ’
