2788 4713
392 218 515 295 1⁷4
632 183 635 193 '
730 213 735 224 ·
1224 216 1315 280 m
1351 213 1579 280 ACTA
1609 214 1910 280 APOST.

394 368 629 442 honor,
668 385 789 449 quo
826 362 1003 425 Deos·
1026 358 1343 423 humanum
1380 382 1570 459 genus
1609 360 1916 445 dignatur,
1965 382 2144 443 quum
2185 360 2394 426 statu-es
2432 374 2680 427 nostros

400 464 439 507 e
476 444 672 505 medio
714 440 901 503 nostri
942 438 1177 521 deligit,
1225 438 1329 520 qui
1366 450 1488 503 sint
1519 438 1840 501 volontatis
1877 460 2015 501 suae
2051 440 2444 522 interpretes,
2489 462 2678 522 quum

394 524 467 585 in
504 540 612 583 ore
650 518 901 582 hominis
941 515 1285 577 naturaliter
1322 516 1575 597 profano
1599 537 1686 589 ,ac
1723 515 2036 593 mendaciis
2087 528 2148 575 et
2185 518 2428 579 vanitati
2467 518 2680 581 dedito

396 621 561 662 sacra
612 608 808 659 tamen
861 612 961 653 sua
1014 592 1249 654 oracula
1299 612 1618 673 personare
1667 587 1822 653 facit.
1900 592 2019 653 Sed
2071 591 2164 655 hic
2215 616 2446 655 rursum
2496 596 2682 657 foeda

400 674 607 739 mundi
645 668 1011 755 ingratitudo
1049 690 1113 730 se
1149 668 1400 763 profert,
1439 670 1600 747 qnod
1639 668 1828 729 Deum
1869 690 1980 751 per
2016 670 2378 731 &hominis
2417 670 2680 753 loquen-

398 766 529 815 tem
564 768 742 811 nemo
782 746 991 809 audire
1024 757 1287 809 maturiet.
1352 745 1446 808 Cu
1491 757 1664 807 erent
1706 767 1915 807 omnes
1953 768 2026 807 an
2074 747 2200 809 elos
2238 747 2312 808 ad
2347 766 2414 808 se
2451 749 2680 824 volare,

400 828 496 892 vel
537 826 765 889 coelum
804 822 1058 885 subinde
1095 822 1283 885 scindi
1332 834 1393 882 et
1429 822 1596 883 ilinc
1635 824 1877 904 prodire
1916 824 2020 886 visi
2069 824 2208 883 ilem
2243 822 2363 895 Dei
2445 823 2682 889 loriam.

400 906 567 967 Haec
603 910 981 985 praepostera
1023 899 1355 973 curiositas,
1407 920 1584 993 quum
1638 920 1706 959 ex
1756 899 1906 961 fastu
1957 913 2018 962 et
2066 900 2248 982 impio
2288 900 2414 960 Ver
2455 900 2478 961 i
2528 923 2680 962 con-

398 992 634 1062 temptu
674 989 961 1048 nascatur,
999 975 1229 1035 ianuam
1267 984 1462 1057 aperit
1497 976 1696 1037 multis
1733 976 1950 1043 deliriis
1992 988 2052 1037 et
2079 976 2376 1037 vinculum
2410 978 2684 1040 dissolvit

396 1070 639 1119 mutuae
678 1055 834 1117 inter
870 1051 1071 1113 fideles
1110 1052 1534 1114 consensionis.
1593 1052 1758 1135 Ergo
1793 1050 2086 1115 Dominus
2121 1074 2244 1113 non
2281 1066 2506 1115 tantum
2545 1055 2680 1137 pla-

393 1155 539 1197 cere
578 1132 689 1195 sibi
728 1140 1010 1205 testatur,
1048 1128 1251 1189 doceri
1289 1150 1401 1189 nos
1483 1150 1550 1189 er
1587 1128 1884 1203 homines,
1930 1130 2034 1191 sed
2077 1132 2345 1191 ordinem
2385 1153 2418 1191 a
2457 1152 2522 1193 sc
2563 1154 2682 1213 pn-

391 1211 575 1275 titum
626 1205 1003 1269 commendat
1048 1226 1117 1266 ac
1163 1204 1366 1267 sancit.
1519 1228 1591 1267 uc
1627 1226 1882 1287 quoque
1929 1206 2128 1289 elogia
2177 1208 2284 1267 ista
2339 1208 2680 1301 pertinenti

398 1288 533 1365 Qui
571 1306 673 1346 vos
714 1282 907 1357 audit,
956 1302 1048 1341 me
1086 1281 1278 1341 audit:
1338 1294 1408 1343 ut
1441 1284 1651 1347 iustam
1687 1284 1874 1345 verbo
1913 1305 2022 1345 suo
2064 1296 2452 1345 reverentiam
2493 1284 2680 1347 Chri-

386 1368 521 1429 stus
562 1359 841 1439 conciliet
878 1357 1051 1496 ἓψο-
1086 1364 1181 1432 10,
1220 1362 1357 1437 16.).

553 1437 803 1497 Dicetur
835 1438 883 1493 a·
919 1436 953 1495 ‘.
1034 1434 1363 1497 Constituit
1403 1435 1488 1497 bis
1525 1434 1722 1497 verbis
1755 1434 2021 1498 Christus
2053 1435 2338 1497 Ananiam
2379 1458 2486 1499 suo
2533 1436 2675 1500 loco

385 1525 685 1609 ‚qnantum
732 1511 805 1574 ad
846 1510 1099 1604 docendi
1140 1512 1327 1587 vices,
1379 1534 1504 1574 non
1555 1512 1725 1606 quod·
1765 1515 2174 1606 auctoritatem
2227 1513 2314 1574 illi
2363 1536 2678 1607 suam-re·

401 1586 1732 1747 {15:²5²30zfsserqsszzessuffi02⁸²mfit'12353'33
1772 1589 2370 1728 2¹:⁰525522{3“2053,
2389 1612 2675 1729 ‘3553ss

405 1742 644 1811 christi»
699 1754 761 1803 et
804 1742 964 1804 solus
1012 1741 1139 1825 ipse
1192 1742 1493 1819 Christus,
1540 1744 1643 1804 sed
1693 1763 1804 1825 per
1849 1744 2147 1805 ministros
2195 1764 2332 1806 snos
2385 1743 2677 1825 loquens:

402 1822 642 1903 duoque
680 1818 829 1881 haec
862 1818 1003 1880 vitia
1042 1818 1328 1895 cavenda,
1385 1839 1462 1879 ne
1501 1831 1621 1880 tam
1661 1820 1954 1901 pretiosae
2010 1820 2326 1882 functionis
2365 1834 2676 1906 praetextu

398 1898 742 2039 {perbignt
776 1894 1059 1973 ministri,
1100 1894 1194 1957 vel
1242 1896 1480 1958 sordida
1518 1916 1728 1957 eorum
1767 1896 2030 1957 conditio
2070 1898 2312 1959 coelesti
2349 1898 2677 1981 sapientiae

596 1995 627 2035 e

392 2114 397 2119 ,
479 1996 611 2119 mg.
666 2049 955 2110 Homines
980 2062 1217 2143 maan..
1264 2047 1443 2141 anc
1481 2047 1676 2141 olpiter
1713 2047 1788 2109 de
1827 2047 2142 2111 comitibus
2180 2049 2347 2112 Pauli
2385 2050 2675 2144 meminit,

399 2126 2464 2286 31:³1?‹13:23322'2‘2‘12231‘1'02‘331,‚V323T212t53„?222.⁰32”3.⁰
2515 2150 2674 2266 33¹3

398 2283 523 2346 illic
562 2282 749 2355 dicet,
790 2278 1034 2343 comites
1072 2300 1208 2341 suos
1247 2277 1424 2339 fuisse
1463 2278 1700 2341 territos
1737 2278 2277 2363 luminis„aspectu‚
2321 2282 2422 2342 sed
2460 2302 2674 2343 vocem

398 2381 529 2424 non
568 2359 813 2420 audisse.
891 2356 1151 2433 Quidam
1206 2354 1535 2418 existimant
1582 2375 1706 2418 esse
1755 2358 2030 2418 mendum
2084 2369 2144 2418 et
2181 2356 2404 2420 librarii
2443 2356 2672 2422 inscitia

399 2435 815 2518 transpositam
854 2454 978 2495 esse
1018 2433 1413 2515 negationem.
1513 2432 1660 2494 Mihi
1696 2432 1914 2494 solutio
1957 2455 2080 2497 non
2119 2435 2350 2496 videtur
2389 2455 2515 2495 esse
2555 2437 2674 2496 dil'-

400 2511 597 2576 ficilis:
702 2513 794 2571 nia
841 2511 967 2571 ficri
1014 2522 1240 2591 potest,
1294 2522 1363 2571 ut
1401 2509 1693 2572 audierint
1731 2510 1963 2646 puidem
2005 2512 2163 2573 vocis
2202 2515 2492 2586 sonitum,
2545 2535 2672 2575 non

398 2602 600 2652 tamen
711 2589 1103 2663 isca-nerent,
1169 2587 1259 2648 vel
1356 2589 1442 2648 uis
1493 2586 1672 2647 verba
1761 2600 1955 2648 aceret
2015 2586 2106 2648 vel
2158 2589 2295 2668 qnid
2357 2589 2674 2650 diceretur.

409 2667 665 2743 Vocem,
714 2666 933 2746 inquit,
982 2685 1103 2727 non
1137 2661 1283 2724 mad·
1345 2679 1450 2724 mut
1485 2663 1764 2744 loquentis
1799 2682 2032 2724 mecum.
2103 2665 2285 2726 Certe
2327 2665 2472 2725 nibil
2514 2667 2672 2727 aliud

394 2744 691 2820 significat
736 2763 907 2824 quam
945 2761 1278 2802 sermonem
1328 2743 1549 2804 Christi
1586 2741 1698 2802 sibi
1737 2743 1840 2801 uni
1893 2743 2067 2802 fuisse
2117 2741 2439 2824 cognitum.
2519 2743 2673 2804 Inde

400 2843 529 2883 non
567 2821 860 2899 sequitur,
912 2819 1053 2898 quin
1105 2816 1351 2878 aliorum
1404 2838 1570 2879 aures
1609 2838 1722 2877 vox
1761 2817 2006 2878 obscura
2059 2829 2118 2878 et
2170 2817 2438 2902 ambigua
2491 2819 2674 2881 ferire

400 2895 683 2978 potuerit.
746 2895 949 2972 Quum
990 2893 1103 2954 hoc
1145 2893 1280 2954 loco
1323 2895 1467 2956 dicit
1493 2895 1701 2968 Lucas,
1747 2894 1968 2955 Vocem
2005 2894 2264 2955 auclitam
2301 2911 2354 2954 ee
2389 2901 2676 2956 neminem

378 2975 591 3054 finisse
634 2974 850 3047 υἰειιω,
912 2971 1203 3061 significat
1250 2992 1371 3031 non
1423 2971 1496 3032 ab
1553 2971 1788 3031 bomine
1837 2972 2164 3054 profectam
2215 2972 2390 3033 fuisse
2437 2993 2676 3050 vocem,

400 3049 503 3110 sed
545 3047 818 3108 divinitus
858 3067 1137 3106 emissam.
1226 3048 1420 3130 Ergo,
1471 3057 1537 3107 ut
1588 3047 1871 3108 miraculo
1922 3061 2158 3109 constet
2201 3050 2373 3125 fides,
2423 3051 2676 3120 comites

398 3123 569 3185 Pauli
609 3121 805 3184 lumen
845 3123 1026 3182 instar
1064 3121 1307 3218 fulguris
1342 3124 1734 3204 conspiciunt,
1773 3124 2016 3185 Paulum
2054 3125 2257 3186 vident
2293 3137 2680 3206 prostratum,

404 3221 615 3262 vocem
662 3200 906 3262 audiunt
956 3219 1211 3280 quamvis
1260 3221 1383 3260 non
1435 3199 1734 3260 articulate
1773 3214 2082 3262 sonantem
2123 3223 2157 3262 e
2198 3205 2400 3265 coelo:
2455 3204 2678 3266 Paulus

390 3279 636 3340 interea
672 3275 832 3338 solus
873 3274 1140 3350 docetur,
1179 3277 1454 3358 quidnam
1493 3277 1604 3338 sibi
1646 3299 1675 3337 a
1722 3278 1934 3338 endum
1974 3278 2065 3340 sit.

559 3359 617 3420 8.
690 3351 1007 3414 Enim
1042 3373 1085 3412 a
1117 3368 1293 3413 terra.
1369 3353 1546 3414 Nunc
1593 3355 1664 3414 ad
1711 3353 1754 3414 it
1790 3354 2006 3432 Lucas,
2055 3367 2224 3417 tanto
2275 3366 2440 3417 metu
2493 3355 2678 3418 fuisse

404 3431 773 3513 perculsum,
821 3442 890 3491 ut
926 3448 990 3491 se
1029 3431 1300 3492 attollere
1342 3451 1464 3491 non
1504 3445 1733 3513 posset,
1784 3452 1980 3512 neque
2017 3433 2076 3494 id
2117 3433 2296 3494 modo
2338 3433 2444 3494 sed
2487 3433 2682 3494 oculis

404 3507 477 3568 ad
520 3519 746 3589 tempus
786 3507 961 3568 fuisse
1001 3521 1254 3588 captum,
1294 3519 1361 3568 ut
1393 3508 1699 3589 pristinum
1733 3531 1897 3568 suum
1930 3528 2172 3570 acumen
2205 3509 2680 3585 oblivisceretur.

408 3583 613 3660 Quum
657 3583 798 3645 dicit
832 3583 1015 3644 oculis
1048 3589 1266 3660 ape-eis
1299 3607 1422 3645 non
1454 3584 1690 3661 ddisse,
1731 3586 1962 3646 videtur
2000 3605 2123 3647 non
2165 3606 2500 3670 congruere
2541 3609 2682 3648 cum

399 3661 529 3722 aliis
567 3660 758 3722 verbis
799 3682 946 3744 quae
979 3683 1116 3722 mox
1152 3676 1503 3744 sequentur,
1555 3662 1778 3724 Oculos
1831 3663 1952 3723 eius
2001 3661 2176 3736 fuisse
2227 3683 2264 3724 o
2310 3675 2472 3723 ertos
2513 3665 2680 3746 quasi

396 3737 746 3819 ¹squammis:
794 3759 1003 3798 verum
1042 3738 1209 3800 huius
1249 3740 1366 3800 loci
1406 3757 1605 3800 sensus
1648 3751 1768 3812 est,
1808 3740 2028 3799 Veram
2069 3739 2244 3800 fuisse
2321 3759 2432 3800 anc
2473 3741 2679 3801 coeci-

402 3826 608 3891 tatem,
647 3835 713 3875 ac
753 3815 875 3875 visu
916 3814 1090 3888 fuisse
1130 3818 1418 3896 privatum
1457 3817 1652 3878 triduo
1693 3815 1822 3891 illo,
1860 3815 2021 3898 quod
2065 3839 2244 3899 quum
2284 3816 2493 3879 oculos
2533 3837 2680 3900 ape-

406 3891 554 3952 riret
590 3889 737 3952 nihil
775 3891 1027 3953 videbat.

561 3977 619 4036 9.
698 3967 883 4043 Quod
933 3969 1073 4030 dicit
1115 3989 1237 4030 non
1282 3967 1464 4030 eal-‘³⁸0
1509 3989 1614 4031 nec
1657 3967 1862 4029 bibisse
1916 3989 2026 4050 per
2077 3970 2334 4032 triduum
2395 3969 2457 4031 in
2509 3985 2684 4054 parte

403 4044 675 4106 miraculi
713 4046 1056 4128 ponendum
1098 4059 1202 4106 est.
1263 4048 1414 4108 Nam
1450 4048 1558 4107 etsi
1602 4046 1940 4108 Orientales
1975 4047 2229 4108 inediam
2269 4047 2481 4108 melius
2521 4051 2683 4110 tole-

408 4133 543 4182 rant
600 4145 773 4204 quam
833 4144 977 4199 nos,
1036 4121 1311 4184 ieiuniam
1364 4135 1560 4183 tamen
1610 4121 1790 4185 tridui
1841 4122 2042 4186 tulisse
2089 4145 2210 4184 non
2263 4124 2515 4218 legimus
2569 4127 2684 4187 nisi

398 4219 560 4333 ⁴gnos
600 4201 690 4261 vel
731 4199 895 4284 cibus
936 4199 1233 4276 deficeret,
1270 4198 1363 4261 vel
1399 4199 1588 4280 aliqua
1621 4196 1812 4261 maior
1841 4213 2084 4284 urgeret
2111 4213 2443 4262 necessitas.
2509 4203 2684 4286 Ergo

458 4273 651 4336 aulum
704 4278 853 4339 mire
900 4277 1335 4360 expavefactum
1386 4277 1562 4339 fuisse
1613 4278 1980 4364 colligimus,
2031 4278 2191 4358 quod
2233 4277 2432 4339 cibum
2471 4281 2686 4341 triduo

402 4349 611 4412 similis
650 4354 901 4418 exanimi
936 4375 1063 4418 non
1100 4354 1369 4440 gustavit.
2627 4367 2638 4384 ¹
