2788 4713
1426 18 1451 67 t

1005 206 1296 271 CAPUT·
1317 210 1535 273 xxw.
1592 258 1603 271 .
2276 220 2411 295 449,

160 370 310 414 curn·
332 366 456 411 esse
503 360 698 421 rectae
747 360 808 415 et
844 348 1208 417 orthodoxae
1249 350 1388 412 fidei
1434 350 1871 417 fundamentum
1884 398 1905 435 ‚
1950 358 2288 452 Scriptum
2321 379 2388 425 se

157 424 446 497 subiicere
485 437 547 486 et
582 437 919 497 reverenter
951 426 1223 507 amplecti
1258 427 1382 488 eius
1412 426 1758 493 doctrinam.
1814 432 2005 495 Po‘rro
2045 434 2139 498 luc
2172 434 2389 503 Paulus

163 500 524 590 Scripturarn
562 504 808 590 partitur
843 502 912 569 in
953 503 1175 595 Legem
1223 514 1284 563 et
1327 501 1685 584 Prophetas,
1728 526 1848 585 qno
1894 506 2099 573 clarius
2143 510 2387 575 demon·

161 587 328 651 stret,
363 576 510 635 nitu!
545 598 612 639 sc
649 580 722 639 ab
764 578 1070 640 universah
1108 578 1409 641 Ecclesiae
1445 595 1731 642 consensu
1768 580 1987 645 habere
2024 586 2327 651 diversum.

313 659 409 719 15.
483 652 660 728 Spem
703 652 912 716 hahens
965 658 1030 716 δη
1075 652 1285 715 Deum.
1361 654 1633 717 Notanda
1695 669 1783 719 est
1836 661 2123 721 sermonis
2176 667 2385 729 seriess

159 739 474 865 postquam
523 731 678 809 enirn
724 730 1060 811 Scripturae
1105 749 1169 791 se
1219 730 1461 793 credere
1507 731 1802 813 professus
1852 745 1967 807 est,
2022 755 2179 798 nunc
2224 760 2389 820 spem

192 816 394 865 uturae
433 806 878 881 resurrectionis
913 806 1122 869 subiun
1168 808 1232 881 ‘t,
1267 819 1334 869 ut
1367 818 1669 889 appareat,
1704 829 1829 873 non
1866 811 2052 873 carnis
2088 831 2261 874 sensu
2298 816 2393 881 vel

163 898 233 941 ex
268 878 570 942 hominum
609 882 850 961 placitis,
887 883 990 943 sed
1029 904 1094 944 ex
1115 826 1236 945 filei
1271 884 1455 950 verbo
1494 904 1619 949 esse
1657 897 2016 969 conceptam.
2090 882 2183 949 Ita
2219 908 2392 969 prae..

161 956 323 1017 cedit
343 956 679 1037 Scripturae
715 960 1070 1033 reverentia,⁴
1097 970 1162 1022 ut
1199 979 1308 1021 nos
1347 956 1469 1023 eius
1508 959 1817 1023 auctoritas
1846 962 2146 1025 devinctos
2164 974 2395 1045 teneat,

163 1044 228 1091 et
251 1032 386 1093 fidei
413 1034 712 1095 exordium
749 1047 862 1097 est:
903 1034 1114 1098 deinde
1151 1034 1413 1119 sequitur
1450 1056 1677 1111 eorum,
1710 1056 1877 1117 quae·
1898 1037 2015 1100 illic
2030 1038 2193 1101 Dens
2229 1052 2397 1121 pate·

161 1106 338 1183 fecit,
375 1111 640 1191 cognitio
682 1122 876 1179 certae
912 1109 1039 1191 spei
1077 1110 1431 1179 coniuncta..
1482 1112 1663 1188 Quod
1700 1126 1897 1180 autem
1933 1115 2067 1177 illos
2102 1114 2245 1179 facit
2278 1116 2395 1179 sibi

159 1184 384 1258 socios,
443 1185 516 1245 ad
549 1187 840 1248 saniorem
875 1198 1098 1267 partem
1114 1187 1417 1249 ‚refer-tur:
1472 1208 1802 1270 quanquam
1838 1210 1961 1253 non
1998 1191 2241 1254 dubium
2280 1204 2395 1268 est,

205 1260 304 1319 uin
347 1260 458 1321 hoc
495 1262 742 1323 artificio
782 1280 888 1333 eos
923 1280 990 1321 ex
1027 1260 1261 1323 latebris
1313 1262 1530 1327 elicere
1567 1262 1629 1325 in
1666 1278 1927 1346 apertam
1964 1266 2154 1329 lucem
2192 1288 2395 1330 coram

157 1278 360 1398 {elice
394 1346 618 1411 tentet,
653 1336 826 1399 sicuti
865 1358 1090 1401 rursum
1130 1358 1200 1399 ex
1237 1336 1492 1401 clausula
1527 1339 2163 1425 defensionispatebit.
2238 1344 2395 1407 Cae·

157 1421 350 1473 terum
389 1412 674 1493 generalis
714 1412 809 1473 hic
843 1414 1192 1477 resurrectio
1231 1414 1508 1477 asseritur
1544 1428 1753 1480 conta-a
1788 1419 2067 1499 quosdam
2093 1420 2397 1498 fanaticos,

162 1486 269 1565 qui
305 1506 444 1558 eam,
468 1487 541 1549 ad
567 1486 786 1551 Christi
820 1488 1080 1555 membra
1113 1490 1324 1553 restrin
1410 1503 1494 1551 nt.
1567 1492 1788 1553 Verum
1824 1506 1894 1555 ut
1928 1494 2043 1562 hoc
2079 1495 2216 1560 loco
2238 1495 2397 1559 Pau·-

159 1560 252 1622 lus
290 1582 492 1625 omnes
527 1576 961 1627 resurrecturos
995 1566 1154 1639 dicit,
1187 1567 1272 1645 sic
1308 1588 1340 1627 c
1363 1588 1462 1628 ara
1500 1565 1723 1628 christi
1756 1588 1907 1629 voce
1940 1572 2273 1649 promiscue
2308 1572 2397 1636 ci-

157 1648 362 1711 tantur
397 1658 598 1700 omnes
658 1639 755 1701 alii
791 1641 865 1702 ad
901 1641 1198 1716 iudicium,
1231 1641 1330 1703 alii
1367 1640 1440 1703 ad
1476 1642 1687 1718 vitam,
1720 1642 1932 1705 Ioann.
1968 1652 2039 1721 5,
2074 1652 2169 1717 m.

315 1719 410 1781 16.
483 1712 563 1774 In
597 1682 704 1777 ὶιοο
747 1738 879 1777 uero
924 1721 1049 1793 ipse
1091 1716 1307 1779 suadeo.
1379 1716 1589 1781 Nullus
1648 1728 1736 1780 est
1792 1720 1867 1780 ad
1918 1720 2175 1785 studium
2232 1734 2399 1785 recte

158 1802 477 1869 sancteque
515 1790 745 1853 vivendi
781 1792 977 1853 acrior
1011 1790 1304 1869 stimulus,
1355 1814 1529 1873 quam
1576 1814 1603 1854 s
1648 1814 1707 1856 es
1739 1793 1980 1857 >ultimae
2014 1799 2400 1861 resurrectio-

158 1866 299 2001 3³35.
309 1878 375 2000 ’ἲ
443 1862 2405 2012 {2532ss33333‘2'31'?3533?P23‘241md22'.1253¹3?:m²¹3¹2³0f²522“32

160 2029 255 2079 cat
289 2014 464 2093 (Phil.
501 2024 574 2094 3,
609 2020 750 2099 20.).
829 2008 1032 2095 Quare
1069 2041 1194 2082 non
1230 1986 1342 2083 abs,
1371 2040 1439 2083 re
1462 2000 1590 2091 ¹hoc
1624 2018 1763 2083 loeo
1816 2023 1985 2099 dicit,
2030 1970 2095 2088 :g
2140 2024 2249 2087 hac
2279 2025 2401 2087 fide

162 2092 468 2155 subnixum
509 2116 746 2177 operam
788 2096 1042 2171 dedisse,
1078 2107 1146 2157 ut
1179 2116 1328 2177 pure
1365 2118 1563 2159 coram
1600 2098 1997 2176 Deo-viveret
2032 2112 2092 2162 et
2127 2102 2403 2165 iustitiam

161 2168 385 2231 coleret
423 2172 578 2231 inter
617 2172 896 2235 homines.
971 2172 1050 2234 Et
1087 2186 1248 2235 certe
1286 2174 1439 2239 mala
1476 2175 1833 2236 conscientia
1882 2199 1991 2258 pro
2038 2178 2199 2238 mille
2235 2179 2402 2239 testi-

159 2245 270 2306 bus
309 2249 444 2307 satis
484 2260 572 2308 est
610 2250 682 2308 ad
723 2269 858 2310 coar
942 2250 1124 2310 endos
1168 2250 1421 2327 stuporis
1470 2248 1769 2322 homines··,
1814 2262 1883 2311 ut
1918 2264 2082 2314 certo
2120 2252 2405 2334 colligere

159 2320 352 2397 liceat,
391 2342 515 2383 non
553 2323 706 2385 serio
747 2342 988 2384 cre-ere
1039 2324 1213 2384 vitam
1263 2336 1588 2395 aeternam,
1636 2324 1709 2384 ad
1790 2345 1919 2386 uam
1956 2346 2082 2387 non
2130 2330 2402 2407 aspirant.

163 2397 598 2462 Conscientiam
634 2411 808 2459 vocat
843 2395 1212 2472 ἀπρόςκοπον,
1251 2400 1413 2490 quasi
1448 2398 1603 2460 dicas
1637 2399 1741 2460 ino
1796 2419 2026 2476 cusam,
2064 2399 2168 2462 ubi
2198 2402 2407 2466 obsta-

161 2473 307 2534 culis
347 2473 713 2533 removendis
750 2471 1098 2533 incumbnnt
1132 2493 1283 2534 servu
1320 2472 1469 2546 Dei,
1520 2492 1667 2553 quae
1706 2493 1913 2536 eornm
1948 2497 2177 2538 cursum
2215 2478 2295 2552 im
2340 2498 2407 2538 e·-

163 2549 350 2608 diunt.
410 2547 587 2608 Duas
642 2559 834 2609 antem
883 2547 1278 2610 conscientiae
1324 2561 1517 2630 partes
1564 2551 1753 2630 ponit.
1835 2552 1987 2612 Nam
2036 2563 2123 2613 est
2169 2553 2269 2633 qui
2313 2559 2405 2616 am
2462 2609 2467 2616 .

157 2624 416 2686 interior
447 2622 662 2684 mentis
698 2644 932 2696 sensus,
969 2623 1070 2705 qui
1107 2623 1299 2686 Deum
1335 2625 1530 2686 solum
1566 2643 1661 2684 res
1706 2625 1835 2686 icit:
1884 2626 2023 2687 inde
2056 2640 2262 2707 postea
2299 2649 2408 2691 na·-

161 2702 346 2764 scitur
380 2699 521 2762 fides
570 2711 632 2760 et
667 2699 998 2782 integritas,
1047 2721 1220 2780 quam
1257 2721 1388 2762 cum
1437 2699 1661 2762 homini
1704 2723 1771 2762 us
1817 2701 2081 2766 colimus.
2150 2704 2409 2766 Demum

157 2777 265 2838 ubi
320 2797 383 2837 se
433 2787 771 2838 constanter
817 2789 1234 2868 prosequutum
1297 2795 1421 2837 esse
1477 2775 1618 2860 dicit
1665 2788 1783 2837 tam
1832 2778 2107 2860 pietatem
2153 2781 2219 2840 in
2265 2779 2404 2842 Deo

163 2851 418 2914 colendo
459 2873 630 2934 quam
669 2851 1141 2914 iustitiam‘inter
1177 2851 1473 2927 homiues,
1519 2850 1566 2913 si
1612 2853 1805 2914 nificat
1854 2873 1956 2916 eos
1994 2874 2132 2918 vere
2168 2875 2405 2938 sperare

161 2929 426 2990 ultimam
489 2929 1010 3004 resurrectionem,
1071 2929 1172 3010 qui
1220 2929 1374 2990 bene
1422 2873 1651 3011 agengo
1712 2949 2009 3010 nunquam
2059 2929 2405 3014 fatiganturz

159 3027 298 3068 nam
336 3005 620 3088 particula
651 3027 873 3082 semper
910 3006 1172 3088 designat
1207 3004 1690 3086 perseverentiam
1727 3005 1792 3068 in
1829 3025 2001 3070 cursu
2039 3008 2346 3088 aequabili.

315 3089 408 3150 17.
483 3081 630 3142 Post
665 3104 849 3142 amos
893 3095 1080 3141 autem
1129 3081 1465 3174 complures.
1539 3081 1759 3143 Sensus
1807 3094 1927 3158 est,
1976 3084 2089 3145 iam
2136 3104 2171 3144 a
2219 3084 2405 3168 longo
2472 3119 2475 3122 ⁴

159 3169 431 3240 tempore
471 3179 595 3219 non
644 3159 818 3220 fuisse
866 3156 1321 3240 Hierosolymis,
1368 3157 1472 3220 sed
1521 3157 1581 3217 in
1633 3157 1757 3219 aliis
1804 3157 2147 3241 regionibus
2238 3155 2407 3222 rocul

161 3247 450 3298 versatum
490 3247 734 3309 θεωρεῖ
771 3235 952 3318 longo
993 3235 1276 3314 temporis
1312 3233 1621 3294 intervallo
1655 3253 1823 3294 nunc·
1848 3235 2183 3296 venisse-ad
2234 3255 2407 3296 eren-

166 3311 265 3370 das
303 3311 700 3390 eleemosynas
739 3321 800 3370 et
833 3310 1174 3374 sacrificium
1213 3309 1528 3392 gratiarum
1567 3309 1811 3370 actionis
1842 3309 1978 3371 Deo
2014 3311 2406 3373 offerendum.

167 3385 345 3445 Unde
386 3391 556 3447 etiam
597 3405 796 3446 eorum
837 3385 1221 3444 inhumanitas
1259 3395 1320 3444 et
1357 3383 1525 3446 simul
1562 3383 1920 3478 ingratitudo
1946 3398 2206 3470 apparet,
2226 3387 2407 3468 quod,

166 3482 346 3541 quum
384 3461 575 3521 modis
614 3460 883 3522 omnibus
923 3459 1177 3520 favorem
1217 3471 1366 3520 esset
1443 3472 1753 3520 romentus
1790 3462 1851 3522 in
1889 3473 2017 3523 tota
2051 3475 2250 3545 gente,
2286 3476 2406 3524 tam

159 3539 420 3618 iniquam
461 3535 547 3597 illi
583 3537 909 3596 mercedem
947 3535 1291 3616 rependant.
1428 3536 1482 3596 ic
1517 3555 1659 3598 vero
1710 3535 1873 3599 locus
1909 3541 2270 3631 superiorem
2309 3558 2408 3598 et-

163 3616 368 3695 ponit,
415 3612 517 3674 ubi
555 3613 906 3705 adorationis
958 3612 1110 3674 facta
1147 3610 1538 3702 fuit-mentio.
1616 3611 1858 3674 Certum
1909 3631 2064 3707 emm
2116 3627 2232 3705 est,
2282 3633 2405 3702 nor!

165 3688 1122 3845 3352?ssss25:33352323112.
1161 3686 2407 3846 ἕὲνὲἶῶῗῖῗεὲῗὲἓῖι·ωἶῗῖωθὲἓίῑὲἶ

165 3842 312 3922 quid
349 3842 408 3902 in
453 3861 535 3902 eo
585 3842 657 3904 de
702 3841 1090 3902 rehenderint-
1127 3835 1362 3914 Iudaei,
1426 3839 1589 3920 quod
1636 3841 1708 3901 ad
1756 3861 1981 3904 causam
2038 3851 2407 3919 praesentem

211 3918 543 3998 raecipuum
584 3863 834 3984 hagebat
870 3915 1117 3999 pondus.
1170 3913 1436 3976 Tandem
1464 3937 1651 3996 ¹quum
1690 3916 1849 3994 dicit,
1886 3936 1949 3977 se
1982 3916 2105 3976 hoo
2135 3925 2409 4003 agentern

163 3939 343 4057 fuisse
382 3996 443 4054 in
483 3992 706 4074 templo
745 3993 1190 4075 deprehensum,
1227 4001 1290 4052 et
1326 3990 1562 4126 Ἱιιίἆοιιι
1598 3992 1757 4073 prius
1793 3991 2025 4054 solenni
2054 4001 2411 4072 purgatione

161 4071 536 4152 interposita,
571 4069 785 4131 deinde
824 4070 1080 4150 quietum
1121 4079 1184 4130 et
1215 4065 1337 4128 nihi
1399 4067 1679 4130 tumultus
1714 4078 2409 4146 moventem‚·utrumque

169 4148 393 4210 crimen
441 4145 654 4208 iterum
701 4167 736 4207 a
782 4163 843 4206 se
895 4142 1150 4226 depellit.
1221 4143 1504 4228 Purgatio
1556 4145 1711 4206 enim
1756 4144 1915 4206 testis
1966 4153 2117 4218 erat,
2167 4141 2408 4232 nfinigne

215 4223 542 4286 rofanatum
582 4223 656 4284 ab
699 4241 771 4283 eo
810 4220 984 4284 fuisse
1022 4220 1334 4301 templum:
1375 4219 1591 4282 deinde
1630 4239 1807 4300 quum
1830 4229 2034 4299 pacate
2054 4230 2261 4303 age-ret
2276 4233 2407 4282 une

167 4246 474 4362 {ominum
509 4299 704 4378 turba,
741 4297 902 4360 nulla
937 4308 1066 4360 erat
1098 4296 1378 4362 tumultus
1416 4295 1691 4378 suspicio.

224 4399 410 4446 calvini
433 4407 678 4448 comm
699 4399 749 4446 in
768 4399 881 4445 Aeta
898 4399 1065 4458 Apost-
1738 4371 1819 4437 29
2394 4438 2401 4470 ,
