2788 4713
1000 232 1015 243 ²
1031 241 1307 305 CAPUT
1349 240 1562 304 xxw.
2294 254 2405 317 451

148 384 328 449 ultro
367 387 638 467 citroque
677 386 828 448 dicta
864 386 1128 463 fuerant,
1175 388 1531 469 perspexisse
1578 406 1749 469 quam
1786 389 1995 453 frivola
2040 401 2197 453 esset
2232 410 2407 455 acen-³

151 464 335 524 satio.
412 464 600 543 quue
659 464 970 524 confirmat
1036 462 1345 525 humanior
1402 474 1463 523 et
1507 463 1690 547 magis
1736 466 1981 528 remissa·
2015 467 2181 531 Pauli
2226 468 2407 563 ipsius

153 540 471 600 tractatio:
531 560 663 599 nam
720 541 847 621 eius
905 560 1100 603 cunam
1163 540 1516 600 Centurioni
1563 540 1831 618 mandat,
1892 552 1961 601 ut
2005 545 2081 604 sit
2124 566 2283 626 quas1
2341 546 2404 606 in

153 614 386 675 laxiore
445 617 724 677 custodia.
799 615 918 675 Alii
975 636 1097 677 uno
1158 627 1436 677 contextu
1498 615 1698 702 legere
1756 616 1978 678 malunt
2035 621 2099 679 iu
2158 642 2409 700 persona

155 690 414 767 Felicis,
477 692 596 751 Ubi
644 692 870 751 venerit
905 692 1132 773 Lysias,
1183 694 1280 772 qui
1321 692 1525 752 melius
1568 704 1737 752 tenet
1775 692 1923 755 hanc
1962 713 2217 772 causam,
2266 711 2409 760 tune

155 766 474 829 iudicabo:
533 768 634 829 secl
683 770 910 828 ratione
961 786 1164 849 parum
1211 768 1373 829 firma
1428 768 1615 829 adhue
1660 788 1889 833 sensum
1937 768 2093 830 hunc
2145 784 2409 835 coactum

161 842 428 903 eliciunt.
506 846 739 925 Negant
777 844 919 907 Viae
960 866 1174 905 nomen
1213 865 1326 924 pro
1367 843 1634 905 doctrina
1672 844 1844 929 Legis
1882 866 2123 925 usquam
2164 846 2411 913 inveniri

165 920 303 981 sine
353 921 706 982 adiectione:
771 922 933 1002 atqui
981 940 1174 1002 neque
1221 938 1337 1001 ego
1398 921 1475 981 de
1520 920 1682 1003 Lege
1738 922 2132 1015 interpretor,
2180 923 2282 983 sed
2330 926 2405 987 de

158 995 364 1072 sectis,
400 1016 641 1076 quarum
694 996 840 1057 nulli
878 996 1136 1077 hospites
1183 996 1204 1055 i
1289 997 1373 1057 ari
1423 1008 1603 1057 erant.
1677 998 1913 1059 Nemini
1962 1009 2125 1061 certe
2168 998 2414 1061 ‹tu-bium

159 1082 329 1146 erat,
380 1075 519 1154 quin
559 1073 878 1133 animarum
925 1072 1162 1133 immort
1223 1085 1423 1144 itatem
1462 1086 1787 1135 assererent
1820 1072 2129 1136 Pharisaei.
2207 1072 2410 1149 Quum

161 1166 234 1205 er
278 1167 315 1208 o
348 1168 444 1209 res
482 1149 660 1231 vulgo
699 1151 835 1209 trita
877 1160 1057 1224 esset,
1095 1170 1216 1209 non
1257 1148 1465 1209 mirum
1504 1151 1553 1211 si
1592 1170 1623 1211 a
1663 1150 1830 1243 culpa
1868 1150 2116 1230 Paulum
2154 1150 2413 1213 absolvat

160 1223 215 1281 F
223 1244 254 1282 e
279 1225 351 1283 ix.
436 1224 629 1286 Porro
684 1226 852 1285 Viam
901 1246 1012 1305 pro
1061 1227 1403 1307 cognitione
1454 1225 1593 1285 facti
1642 1240 1938 1307 accipere,
1988 1228 2193 1307 durum
2240 1238 2409 1291 esset.

159 1298 538 1361 Praefectum
577 1322 720 1361 vero
759 1301 1036 1360 maiorem
1074 1301 1278 1380 Lysiae
1317 1302 1578 1363 tribuere
1615 1303 1792 1385 Legis
1829 1304 2125 1384 peritiam,
2169 1318 2290 1365 non
2327 1304 2413 1365 vi-

161 1376 284 1437 deo
325 1378 426 1457 qui
466 1375 792 1438 conveniat.
870 1377 1024 1437 Hinc
1063 1389 1254 1437 autem
1277 1376 1563 1439 illustrior
1598 1379 1721 1441 eius
1756 1378 2091 1441 innocentia
2130 1370 2413 1457 redditur,

163 1450 332 1531 quod
374 1453 446 1512 de
487 1472 551 1513 ea
592 1452 772 1513 homo
811 1453 1086 1533 profanus
1123 1452 1238 1513 tale
1277 1454 1693 1534 praeiudicium
1730 1456 1920 1517 statim
1940 1456 2096 1529 tulit,
2127 1468 2193 1517 ut
2220 1457 2407 1551 ipsum

166 1527 335 1607 quasi
375 1547 442 1587 ex
479 1530 808 1588 vinctorum
851 1529 1059 1590 ordine
1109 1548 1268 1589 exem
1312 1541 1437 1589 tum
1486 1530 1709 1589 sineret
1752 1531 2105 1591 familiariter
2154 1533 2326 1594 invisi
2378 1552 2411 1593 a

163 1602 290 1663 suis
350 1624 672 1686 eorumque
713 1603 917 1665 officiis
958 1606 1156 1665 iuvari.
1290 1604 1391 1667 olli
1436 1606 1583 1665 imus
1622 1605 1793 1665 etiam
1834 1624 1902 1665 ex
1940 1606 2053 1667 boc
2090 1608 2247 1681 loeo,
2285 1626 2410 1669 non

167 1679 350 1738 fuisse
389 1700 420 1739 a
457 1682 578 1753 ,suis
618 1680 928 1740 comitibus
969 1692 1028 1740 et
1069 1680 1175 1741 reli
1219 1704 1290 1741 ua
1322 1702 1423 1741 ecc
1450 1680 1564 1740 esia
1588 1680 1879 1741 desertum
1900 1681 2159 1743 Paulum.
2210 1684 2413 1759 Quor-

167 1766 312 1816 sum·
339 1756 495 1814 enim
533 1756 766 1816 attinuit
788 1756 910 1816 eius
949 1756 1210 1817 familiari
1253 1780 1319 1817 us
1357 1756 1577 1817 aditum
1619 1756 1761 1831 dari,
1802 1756 1911 1818 nisi
1940 1770 2172 1838 praesto
2196 1770 2410 1835 essent,

169 1832 557 1891 ostenderent
605 1851 667 1892 se
715 1832 998 1894 sollicitos
1051 1844 1330 1914 cuperent
1377 1852 1453 1891 ue
1503 1831 1701 1893 officio
1755 1832 2035 1915 defungi?
2108 1834 2411 1897 Discamus

167 1907 357 1989 igitur
396 1907 508 1968 boc
547 1926 708 1967 exem
753 1908 844 1982 lo,
897 1910 1085 1988 quoad
1141 1908 1311 1969 nobis
1371 1906 1597 1968 iberum
1636 1908 1748 1969 erit
1787 1920 1847 1968 et
1884 1907 2123 1971 facultas
2161 1908 2413 1988 dabitur,

163 2004 290 2043 non
333 2003 456 2044 esse
495 1983 616 2043 ullo
655 2005 720 2044 so
746 1985 843 2045 atii
881 2004 1101 2069 genere
1137 1983 1490 2047 fraudandos
1530 1983 1747 2047 Christi
1782 1997 2083 2067 martyres,
2123 1984 2259 2048 dum
2296 2006 2410 2070 pro

165 2060 490 2143 Evangelio
531 2059 816 2122 laborant.

323 2143 418 2201 25.
467 2136 677 2196 ·Feln'x
719 2159 848 2198 cum
895 2136 1185 2199 Drusilla.
1259 2136 1356 2197 De
1406 2136 1621 2198 Felicis
1672 2135 1907 2199 avaritia
1954 2151 2016 2199 et
2065 2139 2411 2219 corruptelis

171 2234 343 2293 supra
390 2210 603 2293 aliquid
653 2214 870 2275 dictum
919 2226 1024 2275 est.
1099 2216 1272 2276 Nunc
1309 2215 1471 2292 quod
1522 2214 1878 2305 ad·ux·orem
1911 2216 2050 2304 ’eius
2096 2215 2410 2307 Drusillam

174 2290 1246 2444 {8332}bffsszzss‘issfftnlsssssssszff
1258 2289 2214 2444 ’1253212252‘1222632233152‘
2226 2309 2419 2427 sm

173 2441 489 2530 Epiphani‚
529 2441 684 2522 regis
727 2439 1000 2499 Antiochi
1037 2439 1196 2498 filio:
1237 2439 1338 2498 sed
1379 2458 1557 2517 quum
1595 2438 1933 2530 adolescens
1970 2439 2235 2531 Iudaicos
2270 2439 2420 2504 ritus

173 2535 469 2602 suscgpere
506 2515 812 2592 abnueret,
851 2513 1010 2606 quod
1047 2534 1110 2575 se
1145 2515 1434 2574 facturum
1472 2525 1841 2605 pmmnsemt,
1878 2513 2059 2575 frater
2081 2534 2203 2576 ems
2224 2517 2419 2596 minor

173 2592 436 2674 Agrippa
483 2593 670 2664 (cuius
719 2609 984 2672 proxumo
1034 2591 1225 2671 eapite
1271 2589 1374 2649 fiet
1430 2591 1681 2667 mentio)
1733 2600 1905 2681 post·
1930 2601 2180 2651 mortem
2238 2593 2415 2683 patris

176 2688 300 2728 eam
340 2669 526 2728 Azizo
573 2667 992 2728 Emesenorum
1041 2668 1166 2750 regi
1215 2665 1375 2726 dedit
1415 2685 1681 2740 uxorem,
1729 2685 1764 2725 e
1811 2686 1975 2726 curus
2023 2667 2417 2730 contubernio

177 2742 474 2806 blanditiis
512 2742 723 2804 Felicis
781 2744 1030 2804 abducta
1078 2743 1204 2802 fuit.
1281 2743 1429 2802 Nam
1482 2742 1573 2802 hic
1621 2741 1901 2824 singulari
1961 2742 2083 2802 eius
2137 2740 2419 2824 pulcritu-

179 2821 315 2912 dine
357 2832 555 2912 captus
593 2817 1226 2912 Simonem-quendam
1265 2817 1825 2908 Iudaeum,·genere
1862 2817 1913 2880 C
1995 2818 2167 2910 rium,
2201 2818 2416 2880 subor-

167 2907 397 3036 ῗέἓὲἕη
415 2919 524 3034 Ἥὲἱ
560 2895 2193 3066 {gam{¹3¹5}&34:⁰33nfflssssssaeaeeffgfffz's&
2214 2895 2419 3034 00¹³AEss

177 3049 398 3132 Legem
439 3048 660 3111 homini
700 3048 1105 3110 incircumciso
1144 3047 1414 3108 nuberet.
1463 3046 1800 3123 Caeterum,
1832 3047 2088 3127 quamvis
2124 3067 2193 3108 se
2225 3047 2417 3127 inqui:-

179 3137 370 3188 nasset
405 3126 657 3206 profano
697 3123 1009 3206 coniugio,
1055 3125 1351 3186 coniicere
1398 3135 1595 3184 tamen
1644 3140 1713 3184 ex
1750 3123 1867 3183 hoc
1906 3122 2041 3184 luco
2124 3141 2251 3184 rom
2294 3133 2419 3184 tum

181 3213 287 3275 est,
325 3223 446 3263 non
486 3223 723 3281 prorsus
773 3201 1027 3262 deletum
1076 3201 1249 3262 fuisse
1290 3221 1356 3260 ex
1396 3200 1517 3260 eius
1554 3199 1785 3291 animo,
1830 3219 2002 3294 quem
2054 3217 2085 3292 a
2177 3200 2237 3293 in
2266 3199 2419 3260 antia

183 3278 518 3350 imbiberat,
579 3279 880 3359 religionis
941 3297 1192 3338 sensum.
1275 3277 1487 3353 Neque
1536 3294 1693 3334 emm
1740 3271 1901 3336 Fehx
1948 3274 2218 3336 audiendi
2254 3275 2423 3336 Pauli

184 3354 424 3432 cupidus
463 3352 681 3428 fuisset,
722 3373 832 3412 nec
871 3353 1140 3434 dignatus
1179 3351 1481 3430 colloquio
1516 3350 1624 3410 nisi
1663 3349 1724 3408 in
1748 3351 1937 3412 uxoris
1970 3353 2229 3435 gratiam.
2278 3352 2420 3412 Nun

183 3427 450 3508 exprimit
487 3429 600 3489 hoc
640 3429 872 3508 quidem
914 3429 1128 3502 Lucas,
1177 3427 1278 3488 sed
1316 3423 1628 3486 Drusillam
1674 3425 1979 3488 nominans
2029 3428 2164 3490 satis
2198 3429 2417 3502 innuit,

179 3507 240 3565 in
283 3505 402 3564 eius
441 3505 686 3586 gratiam
725 3514 993 3564 vocatum
1032 3503 1205 3563 fuisse
1228 3502 1495 3576 Paulum,
1530 3513 1599 3562 ut
1635 3501 1710 3560 de
1732 3501 2051 3588 Evangelio
2082 3505 2418 3578 disses-eretz

183 3599 508 3671 quanquam
571 3581 854 3673 eiusmodi
903 3589 1190 3671 apostatas
1253 3579 1555 3672 euriositas
1598 3577 1799 3659 potius
1858 3579 2139 3678 quaedam
2196 3580 2419 3655 titillat,

183 3653 1627 3868 quamjffiggugnfftmggzffiffefftpssfigolgaetppoe-
1669 3729 1836 3792 Pauli
1885 3731 2177 3794 confessio
2192 3772 2212 3804 ‚
2256 3729 2348 3810 pri
2356 3751 2419 3789 us

183 3809 244 3887 ³⁹
249 3827 446 3944 ³1:34¹
452 3829 530 3944 ⁰2¹¹
545 3807 1204 3946 cffffiffiuistfih‘ffi
1219 3849 1238 3882 ’
1271 3803 2150 3944 33¹22222’33‘5331322232
2178 3805 2419 3945 :23:ss

181 3897 297 4020 {ide
333 3971 578 4040 tempus.
631 3961 832 4036 Quum
872 3960 941 4020 ad
980 3901 1647 4020 tribunalqreus'citatm
1690 3972 1860 4036 esset,
1903 3959 1977 4017 de
2016 3955 2261 4018 obiectis
2298 3956 2412 4016 sibi

185 4034 516 4097 criminibus
555 4058 645 4098 res
689 4037 908 4098 ondere
946 4036 966 4094 i
1009 4034 1480 4170 sum-oportuit,
1528 4046 1595 4094 ut
1639 4047 1841 4127 pos-tea
1888 4033 2040 4093 liber
2084 4045 2149 4092 et
2194 4029 2419 4122 solutus

183 4111 343 4172 foret
392 4113 460 4171 ad
510 4135 620 4192 pro
661 4114 897 4174 tendam
1003 4111 1162 4171 hrnstr
1252 4111 1411 4170 dem:
1461 4129 1525 4170 er
1568 4131 1605 4170 o
1654 4111 1755 4170 ub·
1804 4129 1960 4169 nunc
2006 4120 2263 4190 apertam
2304 4106 2419 4167 sibu

189 4186 422 4249 dicendi
469 4188 698 4252 ianuam
755 4189 977 4263 cernit,
1024 4187 1310 4250 Praesidis
1349 4185 1541 4248 offena
1564 4207 1741 4250 onem
1791 4205 1915 4245 non
1954 4183 2259 4260 formidat,
2307 4199 2419 4244 nec

181 4261 511 4324 discrimine
549 4278 825 4341 terretur,
861 4277 928 4324 ut
963 4273 1148 4326 astute
1190 4262 1505 4324 dissimulet
1542 4283 1607 4323 se
1646 4283 1768 4323 esse
1808 4259 2219 4322 Christianum.
2296 4260 2419 4320 Ita-

181 4357 296 4418 que
313 4341 599 4420 videmus,
635 4353 755 4406 tam
779 4341 1024 4404 infracta
1063 4340 1382 4403 constantia
1418 4339 1595 4402 fuisse
1633 4338 1977 4476 iffi‘ssmm
2016 4359 2185 4421 quam
2228 4336 2421 4420 provi·
