2788 4713
370 279 408 336 4
449 313 456 324 ·
1153 267 1238 329 IN
1273 267 1501 330 ACTA
1536 263 1825 330 APOST.

521 410 776 474 Dassa-31
807 410 880 474 de
912 430 1091 488 regno
1125 407 1239 473 def.
1315 383 1537 475 Iteriim
1576 409 1873 484 admonet,
1970 405 2117 468 robe
2149 407 2239 468 ..ab
2278 409 2455 470 unico
2492 429 2623 470 ma-

369 489 552 572 gistro
591 489 832 551 edoctos
870 502 1005 550 ante
1043 487 1220 550 fuisse
1257 487 1610 570 Apostolos,
1656 507 1829 563 quam
1875 504 1946 545 or
1990 485 2036 544 is
2082 484 2336 546 docendi
2372 485 2623 565 provin-

369 567 518 626 ciam
553 567 930 646 susceperint.
1001 563 1166 702 Ergo
1213 582 1593 641 quaecunque
1644 563 1716 622 de
1755 580 1942 644 regno
1981 560 2099 620 Dei
2137 572 2255 620 tam
2286 581 2393 622 ore
2443 582 2627 641 quam

369 642 594 721 scriptis
621 643 1025 733 prodiderunt,
1063 641 1084 700 i
1129 645 1148 701 i
1179 652 1316 700 sunt
1347 659 1643 700 sermones
1677 659 1709 698 a
1740 638 1978 698 Christo
2004 635 2203 696 habiti.
2280 635 2627 711 Caeterum,

368 717 484 780 hoc
531 739 772 780 nomine
821 717 1076 779 breviter
1123 716 1368 784 indicat,
1419 735 1695 794 quorsum
1732 713 1936 774 tendat
1982 711 2285 807 Evangelii
2332 714 2629 788 doctrina,

368 813 613 874 nempe,
659 806 727 855 ut
773 794 836 856 in
871 794 1041 856 nobis
1078 802 1287 874 regnet
1321 791 1504 850 Deus.
1580 789 1765 864 Hujus
1816 789 1985 872 regni
2032 789 2257 850 initium
2310 803 2399 850 est
2448 809 2627 871 rege-

369 871 624 932 neratio:
687 870 816 932 finis
879 890 948 931 ac
1007 867 1497 946 complementum
1553 866 1721 928 beata
1766 866 2194 927 immortalitas:
2246 865 2424 926 medii
2517 887 2627 926 ro-

245 1005 254 1024 ,
369 965 598 1028 gressus
623 959 760 1007 sunt
790 949 851 1008 in
879 943 1158 1026 ampliore
1191 942 1651 1024 regenerationis
1680 943 1955 1024 profectu
1982 954 2044 1002 et
2074 953 2407 1024 augmento.
2470 887 2624 1018 δυο

365 1033 562 1084 tamen
610 1043 702 1085 res
753 1022 956 1084 clarius
1004 1031 1227 1100 pateat,
1275 1019 1464 1101 primo
1518 1020 1841 1082 notandum
1890 1029 2007 1094 est,
2054 1039 2163 1082 nos
2202 1040 2234 1079 a
2271 1039 2460 1102 regno
2502 1019 2629 1078 Dei

368 1109 673 1160 extraneos
721 1098 878 1160 nasci
922 1107 982 1154 et
1028 1097 1252 1170 vivere,
1300 1095 1494 1158 donec
1528 1097 1592 1156 in
1630 1117 1841 1158 novam
1876 1096 2053 1156 vitam
2090 1115 2199 1156 nos
2238 1095 2401 1156 Deus
2438 1095 2629 1155 refin-

407 1186 484 1234 at.
557 1178 720 1257 Ergo
755 1173 994 1252 proprie
1031 1171 1341 1248 mundum,
1392 1193 1627 1234 carnem
1666 1183 1959 1242 nostram,
2010 1183 2072 1251 et
2108 1170 2387 1252 quicquid
2426 1184 2518 1232 est
2556 1172 2629 1233 in

361 1193 613 1312 Hominis
661 1259 892 1323 natura,
937 1267 1128 1330 regno
1165 1248 1284 1310 Dei
1329 1268 1637 1330 opponere
1683 1248 1838 1310 licet.
1924 1247 2077 1308 Nam
2126 1247 2385 1308 animalis
2431 1247 2623 1308 homo

362 1327 472 1388 sub
512 1325 708 1386 mundi
748 1324 912 1384 huius
952 1325 1256 1386 elementis
1291 1345 1493 1386 sensns
1530 1345 1735 1386 omnes
1773 1345 1909 1386 suos
1956 1323 2239 1384 continet.
2314 1323 2431 1383 Hic
2482 1321 2624 1383 feli-

363 1405 505 1467 citas
537 1400 856 1476 quaeritur,
886 1410 947 1461 et
973 1401 1240 1462 ultimum
1263 1399 1506 1463 honum.
1562 1401 1801 1462 Interea
1830 1400 2147 1462 exsulamus
2178 1421 2213 1462 a
2242 1420 2431 1481 regno
2468 1399 2624 1459 Dei:

366 1491 428 1539 et
451 1477 612 1538 Deus
646 1475 1079 1556 quodammodo
1119 1499 1150 1538 a
1177 1476 1351 1540 nohis
1385 1476 1617 1538 exsulat.
1673 1476 1757 1536 At
1790 1477 2077 1550 Christus,
2112 1474 2418 1558 Evangelii
2442 1496 2627 1556 prae-

361 1554 678 1629 dicatione,
715 1572 826 1613 nos
865 1553 936 1614 ad
976 1554 1206 1616 suturae
1239 1555 1392 1616 vitae
1428 1553 1863 1614 meditationem
1902 1552 2111 1614 evehit.
2170 1552 2353 1626 Quod
2387 1564 2457 1612 ut
2493 1551 2623 1628 fiat,

366 1628 613 1711 corrigit
647 1651 717 1692 ac
753 1629 1038 1692 reformat
1079 1632 1140 1690 in
1197 1629 1373 1692 nobis
1428 1642 1695 1691 terrenos
1752 1629 2021 1702 affectus,
2087 1626 2355 1708 adeoque
2426 1629 2622 1690 carnis

363 1717 597 1768 nostrae
631 1705 788 1767 vitiis
825 1717 1056 1780 exutos,
1107 1728 1140 1768 a
1185 1709 1409 1768 mundo
1458 1728 1567 1769 nos
1617 1719 1905 1789 segregat.
1980 1706 2170 1766 Sicuti
2219 1716 2413 1766 autem
2452 1725 2620 1766 mors

363 1793 606 1844 aeterna
637 1801 844 1844 omnes
881 1794 1111 1858 manet,
1157 1784 1260 1864 qui
1305 1783 1623 1844 secundum
1664 1803 1897 1842 carnem
1934 1784 2161 1844 vivunt:
2210 1782 2289 1840 ita
2327 1792 2623 1861 quatenus

361 1870 676 1920 renovatur
723 1859 974 1920 interior
1023 1860 1200 1920 homo
1249 1871 1453 1920 noster
1489 1860 1552 1918 in
1590 1858 1897 1940 spiritualis
1932 1861 2087 1920 vitae
2122 1857 2487 1938 profectum,
2538 1857 2625 1918 ad

359 1933 786 2015 perfectionem
824 1936 992 2010 regni
1028 1935 1144 1997 Dei
1181 1935 1362 2017 magis
1401 1935 1755 2010 accedimus,
1810 1953 1961 2014 quae
1999 1945 2088 1994 est
2126 1935 2351 1996 divinae
2388 1932 2623 2016 gloriae

359 2009 624 2074 societas.
697 2011 969 2092 Regnare
1007 2032 1152 2092 ergo
1188 2010 1352 2084 Deus
1391 2033 1549 2072 nunc
1585 2009 1711 2070 vult
1748 2014 1809 2070 in
1848 2009 2053 2086 nobis,
2098 2019 2166 2072 ut
2214 2009 2451 2070 tandem
2500 2031 2621 2071 nos

357 2087 532 2170 regni
565 2087 655 2148 sui
691 2088 901 2166 partic‘i
943 2107 1006 2148 es
1042 2086 1232 2147 faciat.
1308 2087 1465 2148 Hinc
1502 2085 1859 2168 colligimus,
1908 2107 2189 2148 summam
2226 2085 2451 2148 Christi
2486 2106 2637 2170 ser-4
2762 2131 2764 2148 .

359 2183 603 2223 monum
649 2161 826 2223 fnisse
917 2183 953 2222 e
988 2162 1222 2224 humani
1258 2164 1491 2298 generis
1528 2162 1944 2242 corruptione,
1990 2163 2065 2223 de
2112 2163 2420 2244 tyrannide
2468 2183 2617 2242 pec-

361 2238 497 2315 cati,
535 2239 628 2298 cui
658 2238 967 2320 mancipati
998 2260 1218 2306 sumus:
1300 2258 1331 2298 e
1365 2237 1779 2301 maledictione
1813 2249 1873 2298 et
1903 2251 2173 2300 aeternae
2197 2239 2401 2300 mortis
2422 2249 2619 2316 reatu,

361 2315 458 2375 cui
501 2313 862 2377 subiacemus
910 2335 1138 2377 omnes:
1195 2313 1338 2375 item
1393 2315 1468 2375 de
1524 2314 1705 2375 modo
1763 2314 2197 2396 recuperandae
2242 2313 2472 2391 salutis,
2534 2315 2615 2376 de

399 2404 732 2453 eccatorum
769 2392 1129 2469 remissione,
1168 2391 1240 2452 de
1280 2392 1469 2453 carnis
1508 2391 1920 2475 abnegatione,
1962 2390 2035 2451 de
2064 2391 2343 2471 spirituali
2376 2392 2615 2467 iustitia,

353 2412 430 2531 ge
466 2487 574 2549 spe
603 2468 757 2531 vitae
793 2468 1093 2542 coelestis,
1131 2480 1194 2529 et
1223 2467 1527 2529 similibus.
1600 2468 1681 2528 Et
1716 2487 1846 2543 nos,
1886 2468 1936 2527 si
1972 2467 2211 2529 velimus
2234 2468 2295 2529 in
2324 2467 2613 2531 Christia-

359 2545 552 2607 nismo
589 2546 700 2621 rite
739 2545 985 2620 institui,
1021 2544 1135 2605 huc
1171 2545 1356 2605 studia
1391 2556 1591 2606 nostra
1628 2543 1918 2625 applicare
1958 2544 2145 2605 decet.

505 2628 564 2686 4.
643 2620 1013 2697 congregans
1046 2643 1174 2695 eos,
1202 2624 1518 2697 praecepit.
1616 2621 1741 2683 Iam
1799 2622 1956 2701 prius
2014 2618 2370 2703 Apostolatu
2420 2620 2615 2681 suncti

364 2710 563 2773 erant,
621 2694 724 2759 sed
771 2719 894 2758 non
945 2697 1054 2759 nisi
1101 2698 1174 2759 ad
1215 2699 1298 2757 exi
1345 2720 1480 2763 uum
1525 2707 1641 2756 tem
1688 2718 1781 2756 us:
1837 2696 2046 2757 deinde
2098 2710 2333 2757 eatenus
2380 2707 2449 2754 nt
2494 2716 2609 2757 suo

355 2774 674 2853 praeconio
697 2792 764 2834 ex
807 2774 1207 2855 ergefaeerent
1225 2716 1474 2836 Iudaeos
1495 2773 1567 2833 ad
1590 2774 1629 2833 lv
1657 2795 1686 2832 a
1733 2773 1931 2833 'strum
1966 2772 2327 2835 audiendum.
2397 2770 2609 2832 Adeo-

361 2867 477 2927 que
489 2850 646 2929 prius
663 2794 804 2909 illug
827 2850 1158 2912 mandatum
1185 2850 1459 2923 docendi,
1478 2850 1639 2925 quod
1650 2790 1763 2909 ilfils
1778 2849 2039 2913 Christus
2054 2848 2113 2907 in
2124 2846 2293 2907 terris
2304 2846 2501 2936 yivens
2512 2850 2615 2909 in..

359 2924 641 2995 iunxerat,
658 2924 1000 3001 (Mattb.10‚
1011 2927 1096 3001 7.)
1119 2926 1282 3000 quasi
1300 2924 1661 3006 praeludium
1685 2924 1975 3007 quoddam
2000 2935 2124 2983 erat
2144 2921 2609 3014 futunAposto-

359 2998 528 3074 latus,
553 2998 649 3059 cui
670 2998 932 3061 nondum
955 3001 1163 3060 maturi
1186 3012 1368 3061 erant.
1406 3000 1545 3060 Non
1570 3020 1713 3081 ergo
1733 3012 1868 3062 ante
1884 2998 2099 3061 Christi
2109 3012 2609 3065 resurrectionem

359 3077 716 3135 ordinarium
741 3096 947 3134 munus
966 3074 1076 3135 illis
1095 3076 1429 3155 impositum
1462 3075 1600 3134 suit:
1622 3076 1740 3136 'sed
1768 3096 2129 3169 praeconum
2145 3075 2348 3151 instar,
2382 3088 2452 3135 ut
2470 3076 2611 3151 dixi,

403 3164 598 3212 entem
619 3171 780 3211 suam
805 3152 1144 3227 excitarunt,
1179 3164 1246 3212 ut
1277 3152 1515 3215 Christo
1540 3152 1830 3214 audientia
1852 3154 2034 3213 fieret.
2096 3152 2147 3211 A
2172 3154 2609 3215 resurrectione

357 3168 594 3363 genuam
617 3226 956 3363 creatglsuut
969 3226 1779 3378 Apotholi,dquitcommisstam
1799 3228 1913 3365 Sidi}
1940 3228 2261 3365 dopatrinam
2327 3248 2397 3365 etri
2412 3242 2609 3291 totum

359 3326 502 3365 mun
547 3326 641 3365 um
721 3326 760 3363 u
825 3323 1016 3365 icaren
1173 3323 1252 3364 uo
1325 3326 1399 3365 au
1427 3324 1517 3363 em
1543 3324 1675 3367 crea
1704 3326 1768 3367 os
1800 3327 1832 3365 a
1913 3326 1985 3365 uc
2080 3326 2213 3365 men
2322 3328 2349 3365 s
2402 3326 2605 3369 nerea

359 3400 604 3443 munere
627 3326 791 3441 iniiet
806 3378 1092 3454 Christus,
1112 3380 1172 3440 id
1187 3380 1785 3461 nonfitsinelegitima
1802 3402 1985 3441 causa.
2030 3380 2159 3442 Imo
2182 3380 2375 3460 plures
2396 3404 2607 3453 causae

357 3456 654 3525 recenseri
692 3468 954 3539 possunt,
991 3477 1098 3517 cur
1133 3455 1216 3517 sic
1247 3458 1575 3538 oportuerit
1605 3458 1750 3517 fieri.
1824 3456 2051 3517 Recens
2075 3456 2263 3518 adhuc
2284 3471 2411 3519 erat
2428 3458 2607 3523 foeda

359 3531 464 3597 illa
497 3532 758 3613 magistri
795 3532 1078 3593 desertio:
1115 3545 1384 3595 recentes
1420 3532 1637 3594 multae
1672 3532 2091 3595 incredulitatis
2130 3546 2323 3595 notae.
2399 3534 2605 3608 Quum

357 3624 480 3669 tam
518 3606 784 3669 absolute
821 3608 1064 3672 fuissent
1101 3608 1328 3685 edocti,
1367 3610 1627 3671 omnium
1662 3610 1857 3671 subito
1895 3606 2099 3683 obliti,
2134 3611 2437 3691 'specimen
2475 3613 2607 3673 edi-

363 3682 572 3745 derant
615 3685 785 3746 nimis
834 3704 1053 3746 crassae
1099 3686 1380 3747 ruditatis.
1468 3686 1677 3766 Neque
1722 3686 1795 3747 ab
1846 3685 1933 3745 his
1980 3686 2134 3747 vitiis
2178 3684 2383 3746 aberat
2431 3688 2611 3770 culpa

362 3760 655 3845 ignaviae:
687 3782 852 3841 quae
899 3782 1022 3821 non
1067 3761 1237 3823 aliter
1283 3762 1590 3823 commode
1640 3764 1875 3846 purgari
1924 3773 2185 3841 poterat,
2238 3782 2411 3843 quam
2456 3786 2609 3845 pro-

363 3838 592 3897 missam
627 3838 867 3918 gratiam
908 3836 1260 3915 differendo,
1314 3850 1380 3899 ut
1416 3838 1595 3920 magis
1648 3856 1852 3899 eorum
1890 3836 2241 3901 desiderium
2278 3852 2603 3904 acueretur.

360 3912 484 3975 Sed
521 3912 662 3973 haec
709 3932 876 3975 causa
911 3914 1188 4005 imprimis
1235 3926 1376 3975 nota
1422 3914 1495 3975 da
1530 3924 1645 3988 est,
1683 3915 1843 3994 quod
1880 3914 2169 3975 Dominus
2204 3926 2322 3975 tem
2368 3938 2432 3976 m
2471 3937 2609 3978 cer-

359 4000 486 4051 tum
524 3990 811 4053 mittendo
849 3990 1094 4081 Spiritui
1130 3990 1418 4071 praefixit.
1455 4012 1575 4070 quo
1612 3990 1793 4072 magis
1828 3988 2205 4068 conspicuum
2241 4012 2321 4051 no
2368 3992 2414 4052 is
2452 4004 2607 4055 esset

359 4066 720 4134 miraculum.
792 4066 1057 4143 Deinde,
1109 4086 1212 4129 eos
1250 4067 1443 4127 tenuit
1476 4066 1829 4158 aliquamdiu
1868 4067 2112 4141 otiosos,
2150 4078 2216 4127 ut
2253 4066 2455 4129 melius
2492 4090 2609 4131 ne-

355 4142 732 4281 ffi‘f’n‘liid
747 4138 1316 4283 „ffiffiffiffl
1328 4141 2146 4283 ’31³5‘AEz2ffl‘20510ff23
2150 4143 2331 4279 ‘'3³52'‘
2376 4146 2605 4285 ,ἓέἒέῗ

357 4292 540 4375 gandi
583 4316 794 4358 munus
841 4297 1146 4387 accingere
1193 4239 1356 4358 veti&
1403 4307 1539 4357 sunt
1574 4263 1799 4377 Apeito
1826 4300 1876 4375 i,
1922 4296 2120 4358 donec.
2148 4240 2431 4375 teinpoliis
2466 4316 2601 4359 suc-

356 4388 524 4433 cessu
559 4371 672 4435 rite
706 4385 1029 4456 praeparati
1059 4384 1267 4435 essent.
1335 4372 1535 4440 Simul
1569 4385 1762 4437 autem
1796 4392 2035 4441 manere
2068 4371 2208 4451 jussi
2240 4384 2405 4435 suut:
2444 4392 2597 4454 quo-
