2788 4713
347 222 470 287 που
509 174 526 187 ”
1164 216 1250 279 m
1288 213 1516 281 ACTA
1553 212 1843 279 spos-r.
1898 210 1917 227 ··

353 359 667 444 neglectim
719 382 916 447 passus
966 380 1092 422 non
1144 372 1253 423 est.
1353 360 1564 443 Itaque
1602 358 1855 443 pulsanti
1893 359 2055 421 Deus
2094 361 2326 441 aperuit
2362 357 2605 441 (matth.

355 444 418 515 ⁰7,
457 442 562 515 7.).
640 440 766 501 Nos
791 460 932 499 vero
973 438 1148 499 iustas
1187 440 1447 519 ignaviae
1488 450 1721 500 nostrae
1760 457 1981 517 poenas
2020 437 2239 510 damus,
2278 439 2436 521 quod
2475 460 2607 501 non

353 514 560 575 melius
597 516 934 597 proficimus
973 514 1034 575 in
1074 516 1255 576 verbo
1295 514 1568 589 Domini,
1620 515 1856 595 quando
1896 524 2015 576 tam
2056 514 2257 597 frigidi
2293 537 2489 577 sumus
2526 518 2609 579 ad

353 592 688 673 inquirendi
726 592 998 651 studium.

505 674 602 733 20.
675 668 1082 749 Proficiscere,
1143 666 1294 726 nihil
1344 664 1647 727 haesitans.
1748 666 1883 727 Hoc
1942 665 2127 727 verbo
2184 686 2361 748 saepe
2420 668 2615 731 utitur

357 742 490 804 Scri
537 758 682 819 tura,
724 744 860 805 dum
903 746 1222 826 exprimere
1259 746 1401 817 vult,
1441 742 1625 835 qualis
1666 740 1798 802 fidei
1840 742 2176 805 obedientia
2218 760 2351 804 esso
2374 743 2613 807 debeat.

357 818 458 879 Sic
555 819 714 881 aulus
767 820 970 897 (Rom.
1009 828 1080 894 4,
1121 820 1242 897 19.)
1301 821 1439 878 dum
1476 818 1746 878 Abrahae
1798 819 1971 879 fidem
2022 820 2394 880 commendat
2442 822 2613 898 dicit,

353 894 494 957 Non
537 896 864 969 haesitasse,
905 920 1078 977 quum
1113 896 1274 955 Deus
1315 894 1397 955 illi
1435 895 1547 954 iam
1588 895 1817 955 effoeto
1859 905 1920 954 et
1956 896 2177 957 caduco
2217 916 2417 957 semen
2458 918 2613 977 pro-

353 971 633 1033 mitteret.
711 974 787 1032 Et
825 994 948 1054 cap.
989 980 1084 1045 14,
1123 976 1238 1047 23„
1277 971 1380 1031 ubi
1422 970 1650 1031 disserit
1688 971 1763 1030 de
1802 970 1977 1044 cibis,
2018 972 2253 1033 damnat
2291 975 2609 1035 conscien-

353 1048 462 1113 tias
503 1049 866 1111 haesitantes.
943 1050 1048 1108 Est
1083 1060 1277 1107 autem
1317 1047 1557 1128 proprie
1580 1048 1901 1127 disceptare
1940 1048 1999 1107 in
2026 1059 2331 1129 utramque
2355 1062 2609 1130 partem,

353 1134 422 1185 nt
462 1124 807 1207 loquuntur:
861 1146 1038 1203 quum
1089 1122 1311 1184 scilicet
1360 1124 1659 1205 oppositas
1709 1124 1967 1185 rationes
2007 1123 2343 1207 colligendo
2386 1124 2499 1187 bue
2544 1139 2611 1188 et

353 1200 495 1264 illuc
545 1201 780 1262 alternis
832 1202 1052 1261 vicibus
1113 1200 1487 1281 impellimur.
1584 1201 1770 1280 Atqui
1814 1198 2011 1261 Deum
2070 1222 2193 1262 non
2258 1200 2439 1263 dubio
2492 1223 2609 1263 nee

352 1276 676 1339 fluctuante
711 1277 942 1351 animo,
987 1277 1090 1337 sed
1139 1276 1472 1358 composito
1521 1288 1581 1337 et
1630 1277 1923 1337 constanti
1970 1298 2079 1338 nos
2126 1278 2294 1357 sequi
2342 1290 2612 1359 oportet.-

351 1345 426 1413 In
465 1374 684 1417 summa
722 1364 950 1415 tantum
983 1352 1097 1413 sibi
1125 1354 1417 1419 Dominus
1455 1375 1490 1414 a
1528 1352 1701 1413 nobis
1740 1352 1959 1413 deferri
1996 1352 2140 1429 vult,
2176 1365 2245 1413 ut
2282 1372 2357 1415 eo
2396 1355 2603 1418 audito

351 1450 478 1491 non
517 1429 760 1509 amplius
794 1429 1190 1511 disputemus,
1239 1430 1398 1509 quid·
1420 1429 1578 1490 factu
1617 1449 1763 1510 opus
1801 1431 1909 1505 sit,
1956 1430 2059 1491 sed
2097 1429 2318 1511 absque
2356 1444 2605 1493 contro-

352 1506 536 1567 versia
573 1518 918 1583 statuamus,
967 1506 1022 1566 id
1064 1508 1354 1589 agendum
1405 1526 1530 1567 esse
1571 1505 1731 1586 quod
1768 1506 2017 1569 mandat.
2106 1508 2186 1565 Et
2224 1518 2385 1567 certe
2425 1508 2606 1590 digna

356 1592 444 1645 est
484 1582 606 1643 eius
645 1580 943 1658 voluntas,
983 1603 1132 1663 quae
1173 1583 1437 1645 discussis
1478 1583 1749 1643 omnibus
1790 1581 2017 1643 nebulis
2057 1582 2393 1663 praeluceat
2430 1584 2607 1647 nobis

353 1658 425 1717 ad
449 1656 597 1717 viam
634 1659 1101 1733 monstrandam,
1141 1673 1202 1719 et
1239 1652 1489 1740 abrup‘ta
1529 1660 1691 1719 omni
1732 1658 2111 1720 altercatione
2152 1678 2353 1721 sensus
2394 1682 2605 1721 omnes

351 1742 587 1796 nostros
625 1734 740 1796 sibi
777 1734 838 1795 in
877 1749 1216 1817 promptum
1257 1736 1605 1816 obsequium
1643 1735 1899 1830 subigat,
1936 1736 2095 1815 quod
2136 1737 2310 1795 etiam
2350 1757 2417 1796 ex
2458 1757 2607 1817 pro·

215 1866 224 1875 .
348 1811 504 1871 ximo
545 1822 822 1871 contextu
859 1813 1068 1873 melius
1108 1812 1422 1895 colligitur.
1522 1811 1698 1872 Ratio
1750 1833 1905 1872 emm
1950 1812 2213 1885 additur,
2274 1834 2382 1874 cur
2418 1813 2603 1874 Petro

351 1886 436 1947 fas
473 1906 595 1947 non
635 1887 714 1948 sit
750 1888 810 1948 in
859 1908 922 1947 re
971 1887 1196 1949 incerta
1243 1888 1601 1970 suspendere
1642 1884 1949 1949 iudicium:
2014 1888 2149 1969 quia
2186 1888 2351 1949 Deus
2399 1901 2609 1951 auctor

349 1962 425 2023 sit
463 1964 706 2047 negotii.
781 1964 934 2029 Nam
1012 1965 1218 2025 erinde
1253 1977 1343 2027 est
1381 1965 1498 2025 acsi
1538 1964 1862 2039 diceretur,
1917 1962 2047 2025 solo
2100 1964 2221 2025 Dei
2273 1978 2417 2025 nutu
2458 1986 2608 2026 con-

347 2049 547 2100 tentos
609 2060 718 2101 nos
777 2060 903 2101 esse
994 2042 1202 2118 ebere,
1263 2052 1330 2101 ut
1373 2042 1454 2101 im
1498 2042 1623 2101 erio
1676 2062 1996 2121 pareamus.
2098 2042 2414 2103 Caeterum
2467 2044 2607 2103 bine

351 2115 524 2175 etiam
563 2116 812 2178 vicissim
849 2134 1188 2193 monemur,
1245 2136 1368 2177 non
1420 2116 1591 2178 aiter
1626 2116 1965 2197 tranquillas
2016 2116 2147 2177 fore
2200 2118 2605 2194 conscientias,

352 2202 420 2251 ut
457 2202 588 2253 tuto
629 2204 808 2289 agant
845 2193 1112 2255 homines
1133 2192 1308 2287 'quod
1347 2203 1557 2275 agunt,
1616 2214 1791 2273 qua·
1830 2192 1930 2253 ubi
1968 2193 2152 2260 vebo
2192 2194 2311 2254 Dei
2352 2194 2604 2257 edoctae

351 2266 497 2329 nibil
534 2288 599 2329 se
637 2270 747 2330 nisi
788 2270 908 2330 eius
947 2270 1216 2351 auspiciis
1253 2292 1319 2330 ac
1360 2272 1517 2330 iussu
1542 2268 1799 2368 aggredi
1838 2281 2119 2331 statuunt.

503 2351 598 2414 21.
675 2346 852 2424 Ecce,
891 2369 997 2424 ego
1031 2371 1180 2422 sum,
1217 2369 1384 2428 quem
1418 2348 1713 2428 qualum.
1790 2346 1917 2408 Iam
1955 2346 2138 2408 refert
2172 2346 2393 2421 Lucas,
2432 2371 2607 2430 quam

347 2435 659 2506 promptus
699 2426 771 2485 ad
813 2421 1258 2506 obsequendum
1297 2423 1477 2486 fuerit
1514 2425 1742 2485 Petrus.
1839 2422 2071 2484 Deinde
2120 2443 2189 2484 ex
2241 2426 2457 2487 nuntiis
2499 2426 2605 2486 de-

351 2520 514 2559 mum
561 2499 942 2579 intellexisse,
1002 2521 1282 2582 quorsum
1333 2501 1477 2562 visio
1528 2501 1726 2562 oblata
1777 2513 1945 2561 esset.
2042 2499 2226 2560 Audit
2272 2503 2429 2562 euim
2468 2522 2532 2562 se
2572 2525 2609 2563 a

351 2575 640 2637 Cornelio
679 2578 905 2646 vocari,
999 2578 1167 2638 entili
1205 2578 1445 2639 bomine
1480 2598 1655 2659 quem
1694 2577 2003 2659 profanum
2042 2578 2291 2638 duxisset
2328 2600 2394 2639 ac
2438 2579 2609 2639 sami-

348 2650 490 2712 liare
530 2674 850 2736 congressu
889 2595 1218 2736 indiguum,
1257 2655 1366 2720 nisi
1406 2665 1737 2716 correctum
1776 2654 1978 2717 fuisset
2015 2654 2140 2716 eius
2180 2654 2455 2716 iudicium
2498 2655 2609 2718 hae

348 2749 529 2803 voce,
576 2729 757 2803 Quod
798 2731 961 2810 Deus
997 2753 1209 2813 purum
1249 2744 1449 2806 vocat,
1504 2743 1571 2792 tu
1610 2751 1687 2791 ne
1726 2751 2034 2792 commune
2074 2731 2388 2793 censueris.
2468 2731 2611 2794 Hoc

351 2815 441 2865 est
478 2826 616 2866 vere
653 2827 896 2886 sapere,
949 2808 1088 2867 dum
1139 2808 1426 2867 exinanita
1466 2807 1628 2867 omni
1668 2805 2024 2868 confidentia
2063 2819 2125 2867 et
2161 2819 2429 2868 correcta
2468 2829 2609 2889 per-

346 2882 565 2942 tinacia
603 2903 714 2944 nos
735 2883 852 2943 Dei
891 2883 1206 2946 auctoritas
1245 2882 1318 2944 ad
1357 2903 1421 2943 se
1457 2884 1635 2963 rapit,
1672 2897 2013 2964 mentesque
2052 2896 2283 2944 nostras
2316 2885 2399 2944 sic
2424 2904 2609 2946 occu-

349 2969 472 3038 pat,
510 2969 578 3016 ut
615 2958 788 3024 nobis
829 2958 974 3020 nibil
1011 2972 1238 3020 rectum
1277 2958 1354 3018 sit
1391 2959 1503 3020 nisi
1542 2959 1701 3040 quod
1740 2961 1835 3021 illa
1878 2960 2239 3042 praescribit.

501 3038 600 3100 22.
683 3033 986 3098 comaclim
1015 3038 1107 3096 uir
1141 3038 1337 3097 ἐπι-τίω.
1436 3035 1575 3096 Non
1666 3035 1975 3097 ambitiose
2063 3056 2257 3130 neque
2335 3033 2611 3097 adulandi

349 3128 518 3170 causa
557 3109 806 3170 ministri
830 3109 1190 3172 Cornelium·
1217 3109 1472 3185 laudant,=
1510 3110 1610 3170 sed
1651 3124 1719 3170 ut
1756 3112 1965 3173 Petrus
2006 3111 2079 3172 ab
2121 3133 2243 3173 erus
2284 3133 2610 3192 congressu

349 3185 542 3245 minus
589 3185 921 3246 abhorreat.
975 3185 983 3197 ‘
1021 3185 1220 3268 Atque
1267 3186 1409 3246 ideo
1466 3184 1771 3261 probatum
1804 3209 1927 3248 me
1958 3187 2199 3250 Iudaeis
2246 3188 2480 3263 dicunt,
2542 3201 2613 3250 ut

347 3262 496 3322 sciat
529 3261 773 3340 Petrus,
815 3283 940 3324 non
979 3281 1106 3325 esse
1141 3283 1174 3323 a
1212 3282 1346 3324 vera
1387 3273 1448 3324 et
1484 3265 1711 3325 sincera
1748 3268 1969 3345 pietate
2006 3267 2275 3330 alienum.
2354 3266 2505 3326 Nam
2547 3278 2611 3326 et

348 3339 736 3417 superstitiosi
817 3360 958 3404 uum
995 3338 1168 3400 idolis
1205 3339 1513 3414 servirent,
1548 3339 1839 3402 iactabant
1875 3362 1937 3408 se
1975 3341 2093 3402 Dei
2135 3342 2407 3402 cultores.
2486 3341 2615 3401 Sed

352 3410 667 3475 Cornelius
706 3360 989 3491 Iudaeos,
1029 3419 1130 3494 qui
1165 3415 1282 3476 Dei
1322 3415 1493 3476 unius
1533 3416 1752 3478 cultum
1792 3418 2156 3494 retinebant,
2194 3439 2331 3478 suae
2372 3417 2612 3498 pietatis

347 3487 584 3550 babere*
605 3512 732 3551 non
768 3491 964 3572 potuit
1003 3501 1214 3566 testes,
1251 3493 1364 3552 nisi
1406 3491 1701 3572 professus
1742 3495 1943 3554 fuisset
1984 3515 2047 3555 se
2088 3517 2219 3556 cum
2258 3495 2373 3556 illis
2414 3495 2615 3556 Deum

346 3565 622 3630 Abrabae
663 3568 881 3628 colere.
958 3569 1092 3628 Hoc
1132 3589 1316 3650 porro
1352 3571 1524 3630 sicuti
1562 3571 2123 3652 rautnexemplum
2164 3584 2321 3646 erat,
2360 3571 2443 3632 sic
2482 3593 2615 3636 nou

347 3663 554 3728 parum
595 3663 835 3704 movere
865 3643 1110 3708 Petrum
1137 3643 1358 3708 debuit.
1424 3646 1777 3727 Quanquam
1816 3647 1933 3707 boc
1972 3649 2217 3708 maxime
2255 3660 2612 3728 argumento

343 3719 655 3796 nituntur,
715 3732 785 3782 ut
834 3719 919 3782 illi
969 3723 1360 3802 persuadeant
1397 3723 1559 3802 quod
1594 3724 1839 3797 velunt,
1898 3733 2093 3784 totum
2144 3725 2261 3785 boe
2295 3724 2415 3784 Dei
2454 3729 2617 3785 iussu

351 3795 691 3880 gubernari:
731 3798 854 3859 acsi
883 3797 1167 3874 dicerent,
1207 3819 1330 3858 non
1365 3810 1491 3866 *tem
1528 3799 1602 3862 db
1646 3800 1887 3858 bomine
1923 3799 2159 3862 mortali
2182 3801 2383 3862 vocari
2422 3800 2617 3882 ipsum

349 3893 522 3958 quam
562 3894 596 3933 a
635 3873 792 3947 Deo,
833 3875 935 3954 qui
974 3895 1081 3955 per
1119 3875 1392 3956 angelum
1430 3877 1511 3938 ita
1551 3888 1942 3962 praeceperat.

499 3955 596 4016 23.
673 3951 753 4010 Et
771 3952 981 4011 Petms
1021 3952 1193 4012 etiam
1217 3952 1332 4011 Dei
1370 3953 1718 4012 auctoritate
1742 3955 1924 4014 victus
1963 3951 2109 4014 nibil
2148 3953 2259 4014 iam
2300 3951 2617 4026 deliberat,

350 4025 456 4085 sed
493 4028 647 4090 viros
688 4028 900 4109 recipit
941 4028 1227 4108 bospitio,
1267 4037 1335 4088 ut
1381 4047 1520 4088 mox
1558 4047 1689 4088 cum
1726 4029 1841 4094 illis
1882 4029 1994 4090 iter
2032 4029 2288 4111 arripiat.
2370 4029 2462 4089 Ita
2502 4049 2617 4090 nos

350 4101 486 4162 Deo
527 4101 752 4183 placide
793 4103 1004 4168 cedere
1041 4105 1348 4178 convenit,
1389 4125 1499 4164 nec
1540 4107 1848 4186 quicquam
1888 4120 2155 4188 superest
2193 4106 2347 4166 aliud
2376 4107 2619 4188 cognita

349 4176 473 4237 eius
495 4179 822 4254 voluntate,
865 4181 978 4242 nisi
1017 4191 1086 4246 ut
1123 4179 1400 4246 cele-riter
1432 4200 1728 4246 curramus
1767 4205 1891 4270 quo
1914 4195 2103 4248 vocat·
2178 4183 2433 4268 Reliqua
2468 4179 2621 4246 nihil

348 4249 568 4318 hahent
607 4257 984 4326 difficultatis·
