2788 4713
980 234 985 244 '
1060 233 1339 316 ‘CAPUT
1374 243 1508 353 xv.
1779 261 1783 266 ·
2285 261 2404 326 sos

166 397 431 462 Christus
506 414 679 476 quam
712 391 1013 485 Evangelii
1062 395 1151 458 sui
1212 395 1508 472 doctrina,
1566 416 1718 478 quae
1742 426 1750 435 -
1777 395 1850 460 ab
1899 397 2016 462 boc
2045 399 2400 468 exsecrabili

162 474 326 536 idolo
366 471 613 553 pedibus
650 469 871 530 nefarie
912 470 1179 532 calcatur.
1238 471 1365 534 Nos
1401 492 1544 534 vero
1583 473 2036 551 meminerimus,
2074 477 2228 539 hii-nc
2261 477 2403 540 sore

164 550 493 632 legitimum
532 549 685 609 inter
736 567 847 607 nos
882 546 1181 608 Ecclesiae
1218 558 1464 623 statum,
1512 549 1560 610 si
1597 569 1804 612 omues
1841 552 1912 612 ad
1949 573 2134 614 unum
2169 575 2400 616 summo

165 627 295 708 regi
336 625 572 686 Christo
610 642 931 703 parcamus,
968 633 1034 684 ut
1070 622 1151 682 sit
1185 618 1363 684 iinum
1405 624 1564 686 ovile
1600 637 1662 685 et
1699 619 1848 686 unbs
1885 638 2100 706 pastor.

316 708 409 768 17.
494 700 573 760 Ut
606 701 903 778 mqiairant
934 702 1034 778 qia·
1065 698 1275 776 reliqua·
1309 715 1458 759 sum.
1535 702 1848 782 Exegetice
1888 702 2108 764 addidit
2149 704 2434 772 Iacobus.-

160 777 318 842 istud
354 776 713 856 Requirere,
762 775 921 855 quod
968 774 1121 855 apud
1156 775 1516 855 Prophetam
1561 797 1684 836 non
1735 775 1982 860 legitur:
2044 799 2154 839 nec
2204 794 2402 842 tamen

162 873 579 934 supervacuum
618 864 735 936 est,
787 850 947 931 quia,
995 864 1066 911 ut
1102 871 1445 913 censeamur
1492 854 1554 914 in
1587 853 1712 912 Dei
1753 854 1976 934 populo
2019 865 2081 914 et
2123 856 2249 935 ipse
2291 879 2406 918 nos

166 952 281 1012 pro
320 930 435 992 suis
548 938 774 999 noscat,
810 927 1057 987 vicissim
1095 947 1207 988 nos
1242 927 1315 988 ad
1354 947 1484 988 eum
1524 930 1921 1008 quaerendum
1959 925 2258 992 animatos*
2281 931 2416 994 esse'

166 1018 347 1144 3333
351 1001 2170 1154 ⁰31„2ss23:2¹¹tfflzssffamffffimhssssssfft02:12'32233:J?
2174 1008 2410 1145 ‘5222ssss

168 1169 293 1233 est,
340 1171 409 1220 ut
442 1157 777 1239 Prophetae
823 1155 1015 1217 verbis
1064 1155 1309 1228 admixta
1354 1158 1452 1218 sit’
1477 1102 1574 1217 rei,
1602 1157 1906 1239 expositio.
1981 1158 2103 1218 Pro
2141 1159 2410 1240 gentium

165 1235 459 1327 reliquiis,
558 1255 658 1294 uas
699 1230 870 1312 ponit
905 1232 1123 1322 Amos3,
1181 1231 1367 1322 {.ucas
1407 1253 1476 1292 ex
1513 1231 1741 1296 Graeca
1789 1232 2204 1310 translatione,
2261 1255 2412 1314 quae

167 1331 352 1394 magis
391 1255 687 1372 familiaris
729 1319 887 1380 erat,
936 1305 1236 1368 substituit
1276 1309 1549 1442 religuos·
1569 1309 1904 1384 hominum,
1953 1311 2164 1371 eodem
2207 1329 2426 1372 seusus,

169 1407 387 1468 nempe
438 1384 600 1464 quod
662 1382 975 1463 purgandis
1023 1383 1225 1444 mundi
1270 1404 1373 1444 sor
1413 1383 1545 1446 ibus
1597 1403 1970 1478 praecessura
2011 1387 2092 1446 sit
2135 1386 2426 1461 resectio‚.

168 1461 662 1544 quemadmodum
700 1457 925 1520 accidit.
989 1457 1197 1538 Atque
1244 1459 1389 1520 baec
1435 1459 1702 1522 doctriua
1753 1461 1826 1524 ad
1879 1473 2138 1524 nostram
2175 1481 2416 1542 quoque

167 1551 421 1600 aetatem
444 1532 943 1615 accommodanda
978 1545 1091 1596 est:
1130 1535 1259 1594 nain
1282 1535 1420 1614 quia
1459 1535 1720 1597 deterior
1740 1550 1830 1598 est
1865 1538 2067 1598 muudi
2089 1538 2428 1619 corruptio,
2511 1593 2518 1598 .

214 1636 347 1676 uam
386 1624 453 1673 ut
488 1612 553 1672 in
584 1611 801 1672 Christi
840 1609 983 1670 obse
1026 1612 1187 1675 uium
1226 1623 1385 1673 totus
1425 1613 1732 1686 concedat,
1767 1613 1934 1674 variis
1971 1613 2428 1676 tribulationum.

168 1636 419 1751 flabellis
468 1685 743 1748 eventilat
780 1687 1005 1777 quisqui
1032 1687 1111 1747 ias
1160 1698 1223 1746 et
1258 1687 1514 1764 zizania,
1556 1701 1627 1751 ut
1669 1689 1744 1750 ad
1791 1707 1856 1750 se
1901 1689 2140 1751 tandem
2177 1690 2418 1774 colligat

172 1765 337 1846 quod
376 1763 670 1832 residuum
709 1761 985 1825 mauebit.
1653 1821 1664 1832 ,
2161 1802 2198 1818 ..
2425 1815 2434 1826 ,

327 1845 423 1906 18.
496 1839 661 1898 Noui
700 1861 745 1900 a
776 1837 1013 1904 ,succido
1046 1851 1195 1901 sm
1294 1837 1592 1921 Prolepsis
1639 1841 1710 1901 ad
1751 1839 2086 1902 diluendum
2143 1843 2418 1904 novitatis

173 1916 398 1980 odium.
476 1914 681 1974 Subita
708 1915 863 1976 enim
900 1916 1147 1980 mutatio
1168 1927 1434 1995 suspecta
1466 1937 1590 1978 esse
1671 1929 1881 1992 oterat‚
1907 1937 1971 1978 ea
2015 1939 2088 1982 ue
2109 1920 2420 1982 occasione

170 1990 461 2055 turbabat:
502 1989 751 2052 infirmas
799 2004 1049 2052 mentes:
1098 1991 1297 2071 itaque
1334 1995 1596 2054 occurrit
1699 1993 1882 2056 cobus
1931 2015 1962 2054 a
2005 2015 2252 2056 monens
2299 1994 2420 2056 boc

170 2090 301 2134 non
340 2067 515 2130 fuisse
553 2087 767 2128 novum
810 2067 975 2141 Deo,
1012 2068 1241 2128 tametsi
1284 2082 1530 2149 repente
1564 2083 1799 2151 praeter
1837 2071 2138 2132 bominum
2179 2071 2421 2164 opinio·-

174 2165 313 2206 nem
351 2141 641 2204 acciderit.
722 2143 1019 2218 Quoniam
1056 2143 1219 2206 Deus
1257 2158 1392 2206 aute
1429 2148 1714 2208 mundum
1751 2158 2008 2210 creatum
2049 2147 2422 2238 praeviderat

176 2220 315 2301 quid
358 2219 613 2280 facturus
652 2231 841 2289 esset..
894 2220 1277 2300 gentiumque
1332 2222 1572 2284 vocatio
1623 2224 1686 2283 in
1743 2242 1958 2283 arcano
2013 2241 2132 2284 eius
2173 2224 2420 2288 consilio

174 2296 484 2359 recondita
523 2295 729 2356 suerat.
806 2295 981 2354 Unde
1016 2298 1314 2375 sequitur,
1350 2319 1474 2356 non
1517 2317 1640 2359 esse
1677 2298 2084 2360 aestimandam
2123 2317 2192 2359 ex
2229 2298 2431 2367 hoini-⁵

177 2397 319 2435 num
357 2394 547 2435 sensu.
622 2372 815 2433 Pori-o
854 2372 1101 2433 Iacobus
1138 2373 1210 2433 ad
1250 2374 1585 2453 Prophetae
1621 2374 1798 2435 verba
1838 2376 2095 2453 respicit,
2128 2374 2232 2433 ubi
2268 2394 2426 2435 asse·

178 2452 262 2511 rit
297 2450 523 2523 Deum,
615 2450 673 2507 ui
712 2448 852 2507 haec
893 2448 1087 2507 omnia
1126 2444 1381 2508 facturus
1423 2460 1575 2521 erat,
1623 2470 1746 2509 esse
1788 2448 2148 2529 prophetiae
2225 2468 2444 2529 noque·

178 2538 500 2589 auctorem.
626 2544 795 2583 ensus
836 2542 979 2605 crgo
1023 2535 1129 2594 est,
1168 2544 1344 2601 quum
1386 2518 1659 2601 loquatur
1695 2524 1859 2585 Deus
1900 2544 2010 2604 per
2044 2525 2206 2603 Prop
2251 2537 2428 2599 etam,

176 2614 325 2662 tunc
364 2612 557 2675 certe,
606 2600 727 2659 imo
783 2597 856 2658 ab
906 2597 1109 2659 ultima
1150 2597 1494 2659 aeternitate
1535 2600 1848 2679 praevidit,
1889 2619 2000 2659 nec
2041 2600 2428 2693 praeputium,

178 2697 295 2739 nec
334 2678 467 2757 quic
510 2698 641 2735 uam
682 2676 835 2735 aliud
874 2674 985 2735 sibi
1026 2674 1155 2733 fore
1196 2673 1536 2747 obstaculo,
1587 2676 1727 2754 quin
1775 2687 1983 2757 gentes
2039 2700 2100 2737 in
2133 2697 2298 2738 suam
2339 2676 2429 2735 fa-

177 2753 403 2815 miliam
454 2775 483 2812 a
512 2753 687 2834 leget.
762 2752 999 2811 Interea
1044 2748 1246 2811 subest.
1294 2750 1580 2829 generalis
1632 2751 1992 2824 exhortatio,
2059 2772 2136 2812 ne
2193 2751 2424 2833 ingenii

178 2831 273 2893 sui
312 2827 553 2889 modulo
595 2826 911 2889 metiantur
948 2824 1214 2887 homines
1252 2826 1367 2886 Dei
1409 2848 1610 2907 opera,
1651 2848 1902 2907 quorum
1939 2829 2092 2889 ratio
2131 2848 2303 2908 saepe
2341 2826 2432 2887 illi

178 2904 293 2968 soli
330 2918 473 2967 nota
510 2917 627 2964 est:
678 2902 819 2984 quin
866 2906 1055 2982 potius
1096 2900 1416 2963 exclament
1462 2926 1592 2985 cum
1639 2915 1912 2985 stupore,
1977 2904 2097 2965 vias
2138 2904 2258 2963 eius
2303 2922 2430 2963 esse

183 2980 648 3062 investigabiles,
724 2990 785 3041 et
848 2980 1059 3041 iudicia
1128 2979 1248 3039 eius
1323 2980 1496 3041 nimis
1564 2980 1918 3061 profundam
1977 3000 2106 3045 esse
2161 2979 2432 3065 abyssum

180 3058 389 3137 (Rom.
428 3065 526 3135 11,
562 3057 709 3135 33..)

352 3239 452 3304 19.
535 3236 817 3321 Propter
850 3234 1027 3322 quod
1084 3256 1207 3321 ego
1252 3256 1522 3316 censeo,
1577 3254 1712 3300 non
1757 3256 1900 3301 esse
1945 3232 2432 3303 obturbandum

184 3338 309 3415 hia,
350 3340 463 3425 qui
506 3356 582 3399 ex
626 3333 949 3401 Gentibus
993 3348 1454 3427 convertuntur
1496 3338 1580 3402 ad
1623 3336 1870 3402 Deum:
1953 3338 2055 3402 20.
2101 3337 2233 3403 Sed
2277 3338 2432 3400 scri-

182 3434 475 3531 bendum
534 3433 615 3500 ad
672 3456 817 3512 eos,
874 3445 946 3499 ut
987 3434 1349 3501 abstineant
1404 3434 1488 3519 ab
1529 3439 2026 3522 inquinamentis
2067 3432 2438 3501 simulacro·-

183 3556 360 3613 rum,
414 3547 479 3601 et
538 3536 957 3615 scortatione,
1010 3544 1077 3599 et
1128 3534 1480 3613 suffocato,
1547 3546 1611 3600 et
1663 3540 1988 3622 sanguiue.
2068 3536 2171 3600 21.
2211 3538 2436 3600 Moses

188 3637 362 3703 enim
407 3634 488 3699 ab
532 3634 845 3701 aetatibus
884 3636 1162 3720 antiquis
1208 3632 1410 3699 habet
1453 3638 1520 3699 iii
1563 3635 1828 3723 singulis
1872 3636 2268 3715 civitatibus,
2325 3636 2438 3720 qui

186 3740 401 3902 ilpsum
454 3734 863 3822 praedicent,
914 3756 1113 3821 quum
1165 3735 1235 3799 in
1284 3736 1630 3821 synagogis
1682 3757 1802 3823 per
1855 3758 2046 3803 omne
2086 3733 2436 3803 Sabbatum

227 3838 473 3921 egitur:

288 4030 295 4039 .
343 3972 439 4033 19.
515 3964 658 4026 Nou
693 3960 1105 4025 obiurbmdum
1140 3982 1281 4023 esse.
1354 3960 1550 4045 Negat
1575 3963 2036 4027 ceremoniarum
2069 3958 2305 4024 dissidio
2345 3980 2438 4018 ar·-

189 4044 407 4109 cendas
445 4042 519 4105 ab
562 4040 819 4102 Ecclesia
858 4060 982 4101 esse
1018 4051 1251 4121 gentes,
1286 4058 1436 4119 quae
1477 4040 1744 4101 divinitus
1785 4042 2060 4101 admissae
2101 4048 2284 4101 eraut.
2333 4036 2441 4094 vi-

191 4122 369 4182 detur
412 4132 607 4181 tamen
660 4139 856 4179 secum
902 4136 1195 4198 pugnare,
1258 4136 1435 4195 quum
1485 4128 1662 4198 negat
1712 4116 2092 4177 exhibendam
2155 4110 2264 4173 illis
2317 4130 2443 4171 esse

190 4198 539 4272 molestiam,
580 4206 645 4255 et
678 4204 873 4255 tamen
912 4204 1105 4252 certos
1144 4192 1424 4271 quosdam
1465 4192 1607 4251 ritus
1647 4189 2012 4271 praescribit.
2091 4188 2304 4249 Facilis
2342 4206 2442 4247 so-

188 4272 348 4333 lutio
386 4286 497 4349 est,
536 4292 708 4352 quain
748 4269 927 4331 fusius
955 4266 1163 4329 deiude
1206 4287 1548 4347 persequar:
1589 4269 1838 4347 primum
1878 4266 2020 4326 nihil
2059 4266 2150 4325 ab
2175 4265 2288 4324 illis
2326 4263 2444 4323 cxi-

192 4349 303 4431 git,
344 4351 503 4428 quod
540 4345 997 4415 nemsi-aterum
1036 4340 1389 4406 concordiae
1415 4340 1735 4403 deberent:
1775 4342 2008 4415 deinde,
2048 4340 2190 4405 nihil
2233 4362 2440 4401 eorum

246 4448 432 4491 calvini
460 4430 702 4493 mmm'ont.
724 4448 773 4491 in
794 4448 909 4491 Acta
926 4448 1073 4505 Α’ριικ
1607 4498 1616 4509 ι
1776 4423 1856 4480 m
