2788 4713
1107 260 1387 325 CAPUT
1426 262 1496 323 x.
2330 270 2440 335 211
2515 346 2520 353 .

168 418 326 473 rent.
404 405 501 469 Ita
539 404 755 468 Paulus
788 404 841 467 1.
882 403 1027 468 Cor.
1066 410 1166 483 15,
1202 412 1309 475 152
1355 406 1514 485 Nos,
1551 406 1770 488 inquit,
1807 407 1938 471 falsi
1973 420 2154 473 testes
2191 410 2310 474 Dei
2349 414 2444 475 in-

168 488 543 562 veniremur,
578 482 694 544 nisi
731 481 1001 546 Christus
1040 504 1073 544 a
1111 484 1361 546 mortuis
1397 482 1826 548 resurrexisset.
1903 486 1981 547 Et
2016 488 2128 549 iam
2166 500 2304 551 ante
2341 512 2445 552 au-

170 564 426 625 divimus
464 580 533 621 ex
570 578 678 621 ore
716 557 968 635 Christi,
1022 561 1141 622 Vos
1182 558 1345 621 eritis
1380 560 1530 621 mihi
1566 570 1744 623 testes
1782 562 1844 621 in
1883 560 2133 641 Iudaea,
2188 566 2447 628 Samaria

170 652 237 701 et
286 635 765 717 Hierosolymae:
832 658 991 699 nunc
1040 657 1183 699 vero
1234 656 1298 698 se
1345 646 1572 699 tantum
1623 637 1966 699 historicum
2014 638 2224 703 testem
2269 653 2446 705 vocat

170 716 425 788 Petrus,
474 715 603 795 quia
642 732 841 773 rerum
880 724 1172 796 gestarum
1213 713 1326 774 fuit
1362 726 1680 795 spectator.
1772 715 2089 777 Caeterum
2138 718 2234 779 hic
2279 742 2445 782 mor-

170 804 303 853 tem
342 808 467 851 uno
502 788 686 852 verbo
726 789 997 872 attingit,
1044 784 1179 882 quia
1224 788 1436 871 passim
1485 803 1629 851 nota
1677 802 1832 851 erat:
1883 792 1947 851 in
1985 796 2443 873 resurrectione,

174 880 334 949 quae
414 866 501 927 lus
536 864 795 926 hahebat
832 864 1235 942 dubitationis,
1276 878 1337 947 et
1374 864 1540 929 cuius
1580 868 1847 951 cognitio
1885 867 2074 929 multo
2101 869 2232 953 plus
2261 869 2442 933 hahe-

173 946 282 1007 bat
319 964 353 1004 a
430 942 603 1003 fidem
639 942 958 1018 momenti,
1010 942 1245 1025 longius
1284 940 1517 1003 insistit.

330 1025 427 1086 41.
512 1018 579 1079 Si
629 1030 873 1099 quaerat
920 1017 1017 1079 hic
1066 1018 1387 1100 quispiam,
1449 1038 1557 1079 cur
1605 1038 1730 1080 non
1777 1018 1968 1103 palam
2015 1020 2178 1085 Deus
2225 1020 2443 1087 Filium

175 1100 347 1160 suum
409 1116 443 1156 a
498 1096 935 1156 resurrectione
1010 1096 1285 1157 omnibus
1354 1094 1713 1171 ostenderit,
1784 1118 1877 1158 res
1924 1096 2150 1159 oudeo=
2221 1101 2444 1163 etiamsi

174 1173 337 1235 nulla
375 1172 529 1233 ratio
570 1182 903 1247 constaret,
940 1170 1221 1233 modestis
1258 1182 1458 1233 tamen
1497 1184 1560 1233 et
1595 1170 1810 1235 sobriis
1889 1173 2068 1233 ehere
2107 1198 2287 1237 unum
2325 1173 2444 1239 Dei

174 1249 487 1313 consilium
532 1246 837 1320 sufficere,
888 1260 955 1309 ut
993 1247 1140 1310 citra
1182 1249 1640 1310 controversiam
1679 1261 1844 1311 certo
1894 1250 2007 1311 sibi
2055 1253 2446 1333 persuadeant

170 1326 467 1408 optimum
506 1344 633 1385 esse
672 1324 835 1404 quod
871 1324 1033 1385 Deus
1073 1325 1320 1385 censuit.
1378 1325 1590 1405 Neque
1626 1336 1825 1387 tamen
1867 1326 2108 1389 dubium
2149 1341 2258 1405 est,
2298 1331 2446 1412 quin

170 1403 336 1465 Deus
385 1399 619 1482 optimo
671 1400 919 1462 consilio
968 1400 1085 1463 tale
1125 1412 1666 1494 temperamentum
1717 1401 2064 1464 adhibuerit.
2147 1405 2300 1479 Nam
2348 1427 2446 1467 re-

169 1478 559 1542 surrectionis
594 1478 889 1539 certitudo
928 1478 1062 1539 satis
1092 1479 1289 1539 multis
1328 1497 1397 1538 ac
1427 1477 1610 1539 firmis
1647 1479 1996 1543 testimoniis
2029 1480 2277 1561 probata
2313 1478 2443 1545 fuit.

168 1557 315 1617 Hoc
350 1564 548 1616 autem
587 1554 659 1616 ad
698 1555 1079 1616 exercendam
1120 1554 1350 1635 piorum
1390 1553 1567 1617 fidem
1607 1556 1752 1618 utile
1792 1569 1938 1633 erat,
1973 1559 2299 1642 Evangelio
2331 1580 2446 1641 po-,-

170 1633 289 1695 tius
339 1652 515 1713 quam
566 1630 754 1691 oculis
804 1630 920 1691 suis
969 1630 1241 1701 credere.
1326 1630 1638 1707 Quantum
1686 1631 1759 1693 ad
1811 1631 2023 1713 impios
2121 1634 2337 1696 ertinet
2385 1646 2450 1698 et

171 1708 474 1793 professos
508 1704 730 1767 Christi
769 1705 987 1782 hostes,
1027 1729 1207 1788 quum
1236 1706 1416 1783 toties
1449 1707 1707 1769 convicti
1741 1730 2039 1791 nunquam
2131 1730 2204 1773 eo
2237 1712 2447 1775 cessis·-

168 1796 326 1861 sent,
362 1783 593 1879 indigni
632 1794 801 1843 erant
841 1803 989 1864 quos
1030 1784 1102 1844 ad
1136 1782 1610 1865 conspiciendam
1646 1786 2094 1849 resurrectionis
2132 1808 2272 1849 suae
2311 1790 2446 1872 glo-a

172 1862 322 1925 riam
361 1860 631 1925 Christus
670 1860 1044 1937 admitteret,
1092 1881 1426 1942 quanquam
1466 1871 1528 1919 et
1575 1862 1686 1942 ipsi
1735 1860 1983 1925 militum
2033 1862 2244 1941 relatu,
2294 1887 2446 1957 quos

171 1938 249 2002 ad
281 1938 605 1999 custodiam
635 1937 891 2018 sepulcri
927 1936 1347 2013 conduxerant,
1384 1936 1522 1998 satis
1557 1958 1853 2019 superque
1893 1938 2134 2008 suerunt
2166 1940 2446 2019 convicti,

170 2027 245 2077 ut
280 2015 415 2075 alias
454 2013 717 2075 rationes
756 2011 1059 2088 omittam,
1109 2032 1249 2095 quas
1288 2026 1496 2095 petere
1535 2013 1741 2076 licebit
1778 2035 1845 2075 ex
1883 2016 2223 2078 Harmonia.
2309 2018 2445 2080 Hoc

174 2110 323 2175 ergo
364 2090 538 2152 nohis
574 2089 749 2149 fixum
788 2091 882 2166 sit,
910 2102 1125 2173 *sancto
1155 2091 1271 2150 Dei
1305 2091 1549 2152 decreto
1587 2091 1850 2153 delectos
1889 2092 2065 2155 fuisse
2096 2094 2445 2176 Apostolos,

174 2188 429 2251 quorum
478 2166 823 2227 testimonio
882 2167 1327 2228 resurrectionis
1380 2167 1602 2229 Christi
1648 2168 1859 2230 veritas
1906 2181 2106 2231 staret.
2161 2171 2280 2235 aeIn
2333 2172 2444 2233 hac

171 2242 605 2326 approbatione
658 2242 919 2337 quisquis
967 2263 1091 2303 non
1142 2244 1489 2325 acquiescit,
1556 2243 1850 2305 convellat
1907 2247 1955 2306 si
2013 2257 2211 2326 potest
2266 2259 2443 2329 atque

174 2332 402 2385 evertat
436 2318 779 2381 inviolabile
816 2318 961 2381 illud
990 2318 1110 2380 Dei
1137 2319 1460 2397 decretum,
1540 2320 1654 2380 uod
1694 2319 1870 2382 nobis
1910 2319 2003 2383 hic
2031 2322 2246 2384 Petrus
2276 2344 2443 2384 com-

174 2399 433 2461 mendat.
507 2397 633 2457 Nos
672 2416 844 2474 vero,
882 2397 930 2458 si
966 2398 1163 2456 Deum
1206 2397 1468 2476 cupimus
1547 2396 1726 2457 abere
1765 2409 1990 2458 certum
2027 2397 2166 2459 fidei
2203 2412 2441 2461 nostrae

176 2486 501 2547 auctorem,
534 2473 787 2535 testibus
821 2474 1089 2534 contenti
1123 2491 1250 2534 esse
1284 2473 1588 2546 discamus,
1627 2493 1775 2566 quos
1815 2493 1848 2533 a
1887 2493 1950 2534 se
1989 2486 2126 2535 ante
2155 2476 2455 2536 mundum*

176 2549 486 2613 eonditum
534 2549 849 2612 destinatos
898 2553 1024 2612 suo'
1058 2559 1331 2631 tempore
1382 2547 1445 2610 in
1495 2548 1752 2610 medium
1799 2549 2078 2632 produxit
2123 2552 2288 2632 quasi
2335 2573 2440 2614 sua

176 2647 381 2689 manu.
1553 2669 1560 2676 ·

338 2703 459 2788 Qui
490 2701 847 2765 oonefflmus.
922 2700 1083 2764 Hinc
1118 2719 1263 2764 vero
1301 2713 1579 2794 apparet,
1627 2713 1901 2796 quantam
1941 2713 2178 2764 nostrae
2214 2703 2438 2766 rudita-

170 2781 253 2844 tis
278 2801 479 2842 curam
513 2793 573 2841 et
598 2783 889 2842 rationem
922 2777 1197 2840 babuerit
1221 2777 1510 2854 Christus,
1550 2800 1652 2859 qui
1677 2798 1940 2859 eousque
1967 2799 2030 2840 se
2065 2778 2295 2842 demisit
2322 2803 2438 2842 no-

173 2870 293 2922 stra
333 2877 535 2934 causa,
573 2870 641 2917 ut
678 2856 925 2918 coelesti
962 2853 1155 2939 gloria
1192 2855 1305 2916 iam
1342 2853 1642 2937 praeditus
1685 2854 1887 2915 ederet
1922 2868 2120 2916 tamen
2159 2878 2224 2918 ac
2266 2857 2440 2918 bihe-

172 2947 269 2996 ret
302 2945 583 3015 tanquam
622 2933 801 2994 homo
840 2932 1122 2994 mortalis.
1203 2931 1410 3008 Quare
1455 2951 1579 2992 non
1629 2943 1718 2993 est
1758 2932 1920 3013 quod
1966 2953 2278 3015 queramur
2324 2933 2437 2996 ob-

172 3033 401 3074 scuram
441 3031 566 3072 esse
606 3021 707 3071 aut
744 3008 979 3070 dubiam
1020 3007 1241 3071 Christi
1278 3009 1789 3071 resurrectionem.
1862 3009 2011 3070 Nam
2053 3010 2194 3072 ideo
2233 3011 2438 3072 tardos

174 3109 245 3151 ae
291 3087 563 3149 difficiles
612 3086 687 3147 ad
736 3085 1093 3148 credendum
1144 3084 1458 3180 discipulos
1507 3107 1645 3148 suos
1709 3104 1832 3146 esse
1884 3083 2081 3167 passus
2131 3099 2249 3163 est,
2313 3109 2434 3168 quo

172 3163 381 3228 melius
420 3161 753 3224 confirmati
792 3181 1029 3222 omnem
1070 3162 1451 3226 dubitationis
1488 3162 1823 3244 scrupulum
1874 3162 2046 3224 nohis
2098 3165 2434 3224 eximerent.

176 3242 345 3319 Quin
380 3237 583 3322 potius
620 3237 812 3303 danda
850 3251 941 3299 est
978 3245 1207 3320 ope‘rar
1244 3259 1322 3300 ne
1370 3251 1592 3300 tantam
1644 3237 1785 3301 Filii
1829 3237 1947 3298 Dei
1997 3259 2134 3324 erga
2183 3262 2292 3301 nos
2343 3241 2437 3299 in·-

172 3317 539 3401 dulgentiam
588 3327 791 3377 nostra
835 3313 1167 3398 malignitas
1217 3327 1278 3376 et
1323 3314 1703 3399 ingratitudo·
1737 3313 2031 3377 obscuret.
2118 3317 2435 3379 Caeterum

170 3415 357 3476 quum
397 3393 703 3474 Scriptura
739 3404 966 3469 narrat,
1007 3389 1306 3454 Christum
1345 3392 1702 3469 comedisse,
1751 3391 2154 3472 quaestionem
2191 3405 2436 3456 movent

170 3468 393 3534 curiosi
430 3469 727 3542 homines,
774 3469 914 3548 quid
966 3467 1103 3530 cibo
1155 3467 1260 3529 illo
1300 3467 1516 3529 sactum
1563 3465 1770 3529 fuerit:
1821 3466 1923 3528 sed
1973 3468 2190 3530 solutio
2247 3469 2435 3530 facilis
2507 3517 2516 3534 .

168 3557 294 3622 est,
350 3546 511 3627 quod
551 3547 722 3606 sicuti
758 3563 829 3605 ex
865 3543 1050 3606 nihilo
1092 3555 1321 3606 creatus
1355 3546 1579 3618 fuerat,
1626 3543 1705 3606 ita
1745 3535 1805 3606 in
1845 3543 2090 3606 nihilum
2129 3544 2298 3607 facile
2338 3566 2436 3605 re-

170 3623 391 3685 dactus.
426 3622 609 3682 fuerit
654 3621 850 3682 divina
902 3621 1123 3684 Christi
1168 3622 1404 3683 virtute.
1497 3621 1621 3696 Qui
1670 3620 1730 3681 in
1777 3619 2118 3682 alimentum
2168 3621 2436 3714 corporis

168 3698 425 3764 sumitur
461 3698 657 3773 cibus,
706 3701 1103 3780 concoquitur
1148 3717 1216 3759 ac
1266 3708 1472 3777 postea
1520 3698 1828 3780 digeritur:
1878 3697 1982 3757 sed
2031 3699 2188 3760 hunc
2235 3699 2432 3758 cibum

167 3775 417 3839 alendae
456 3787 689 3836 nostrae
726 3775 867 3836 fidei
903 3794 937 3835 a
978 3775 1215 3836 Christo
1254 3785 1548 3856 sumptum
1590 3793 1712 3835 esse
1752 3773 1963 3838 scimus
2002 3785 2176 3856 atque
2217 3773 2275 3834 in
2319 3773 2434 3833 hoc

168 3875 281 3914 usu
334 3865 765 3933 consumptum.
849 3851 1161 3913 Falluntur
1206 3849 1432 3926 autem,
1482 3847 1582 3931 qui
1629 3862 1837 3932 putant
1886 3849 2184 3912 Christum
2233 3869 2432 3910 come·-

168 3928 371 3992 dentis
400 3939 637 3990 tantum
666 3928 925 4010 speciem
954 3924 1309 4010 praebuisse.
1374 3927 1541 4002 Quid
1575 3929 1730 3988 enim
1757 3925 2082 4010 ‘profuisset
2108 3926 2228 3985 tale
2259 3945 2434 4004 spec-

164 4004 369 4067 trum?
432 4005 563 4066 Nec
602 4005 776 4066 video
812 4025 1089 4085 quorsum
1128 4003 1372 4064 attineat
1411 4003 1692 4066 eiusmodi
1731 4002 2090 4086 subterfugia
2131 4019 2429 4082 quaerere.

164 4083 325 4143 Nam
362 4102 545 4164 quum
584 4081 859 4154 dicimus,
906 4099 1031 4141 non
1078 4101 1179 4142 sna
1226 4083 1574 4142 necessitate
1623 4077 1986 4161 compulsum
2037 4076 2210 4140 fuisse
2251 4075 2432 4148 Chri-

167 4171 327 4220 stum
378 4171 449 4219 ut
484 4157 722 4234 ederet,
764 4155 869 4216 sed
908 4156 1158 4221 voluisse
1204 4168 1433 4218 tantum
1479 4158 1597 4219 suis
1651 4155 1990 4234 consulere,
2035 4175 2172 4215 ansa
2207 4151 2430 4214 frivolis

165 4234 481 4300 hominum
519 4233 867 4296 commentis
904 4235 1159 4320 praecisa
1198 4247 1303 4295 est.
1573 4279 1580 4288 .
1883 4299 1890 4308 ,
1995 4243 2004 4254 ”

324 4317 422 4377 42.
472 4303 584 4370 Ἐὖ
626 4307 922 4370 mendavia
962 4308 1143 4372 nobis.
1192 4333 1200 4340 ·
1236 4310 1350 4372 Hic
1388 4305 1464 4370 de
1501 4327 1690 4390 regno
1734 4303 1954 4382 Christi
1989 4313 2242 4382 tractare
2281 4305 2429 4366 inci-

166 4388 295 4469 pit,
344 4403 527 4470 quum
565 4385 709 4450 dicit
736 4385 1036 4451 'chrisum
1070 4385 1650 4458 menradi-rexisse,
1681 4379 2080 4522 ‘ffissgnuudum
2123 4382 2303 4440 semel
2341 4383 2430 4440 iu·
