2788 4713
817 231 1222 321 EPISTQLA
1257 242 1842 328 nEDmAOEOmA.
2347 259 2443 312 vn

190 395 332 456 eius
375 401 446 454 et
489 399 738 466 natura,
779 389 1012 475 qualis
1015 399 1214 459 status
1253 393 1394 456 eius
1421 399 1483 455 et
1510 391 1789 459 conditio
1826 389 2033 471 fuerit,
2056 402 2441 476 reputamus.

189 494 417 578 Quum
461 487 549 556 de
595 485 838 564 Christi
893 511 1090 576 regno
1133 513 1344 559 sermo
1385 488 1687 568 habetur,
1741 491 1869 560 duo
1910 496 2257 578 praecipue
2296 513 2439 576 spe-

189 591 436 658 ctanda
497 588 692 658 nobis
743 599 952 666 sunit,
983 591 1316 682 Evangelii
1377 589 1705 670 doctrina,
1764 614 1886 678 qua
1950 591 2073 660 sibi
2142 591 2435 658 Christus

185 691 548 758 Ecclesiam
591 687 842 785 colligit
885 700 956 760 et
991 713 1112 777 qua
1159 691 1429 758 eandem
1456 691 1795 778 collectam
1830 681 2154 774 gubernat,
2196 689 2433 758 deinde

181 795 336 877 ipsa
397 793 654 876 piorum
715 791 1024 867 societas,
1071 794 1200 878 qui
1257 795 1505 870 sincera
1558 789 1899 876 Evangelii
1946 791 2079 858 fide
2134 785 2303 863 inter
2358 809 2431 855 se

187 892 524 959 coniuncti
565 909 721 958 vere
768 890 1010 962 Christi
1047 889 1326 976 populus
1379 903 1739 960 censentur
1822 879 2057 961 Vivam
2108 894 2430 978 utriusque

201 991 480 1074 effigiem
535 993 606 1058 in
647 991 824 1064 Actis
850 989 1340 1078 'Apostolorum
1367 1015 1557 1077 quam
1608 1011 1906 1080 expresse
1964 977 2266 1076 depingat
2304 991 2429 1062 Lu-

195 1113 330 1164 cas,
386 1099 694 1176 praestat
705 1111 788 1154 ex
827 1089 1112 1166 lectione
1149 1093 1343 1168 totius
1385 1089 1537 1170 libri
1600 1112 1991 1182 cognoscere
2064 1112 2251 1186 quatu
2300 1112 2431 1188 cre-

189 1191 350 1255 dere
401 1188 514 1254 vel
576 1211 722 1254 meo
778 1188 886 1254 vel
941 1189 1202 1257 atterius
1259 1193 1607 1278 cuiuspiam
1664 1192 1895 1278 elogio.
1992 1192 2161 1256 Nam
2199 1195 2361 1282 etsi,
2392 1213 2437 1259 a

181 1293 394 1376 prima
455 1311 662 1376 nsque
712 1289 946 1378 mundi,
988 1291 1236 1384 origine
1277 1311 1530 1378 semper
1571 1296 1859 1378 regnavit
1898 1292 2027 1364 Dei
2062 1269 2303 1372 Filius,
2358 1311 2432 1356 ex

181 1411 320 1476 qno
371 1399 590 1456 tamen
629 1392 718 1456 in
753 1410 943 1458 carne
985 1375 1338 1479 patefactus
1376 1381 1823 1490 Evangelium
1840 1416 2023 1463 suum
2060 1391 2431 1480 publicavit,

181 1501 343 1556 tnnc
379 1487 698 1557 illustrius
736 1468 931 1564 solito
955 1491 1218 1576 erigere
1259 1494 1475 1578 coepit
1512 1492 1813 1568 tribunal,
1856 1494 2028 1570 unde
2057 1515 2232 1572 mmo
2274 1511 2433 1578 quo-

181 1611 318 1676 que
383 1591 656 1656 maxime
723 1592 1106 1705 conspicuus
1165 1589 1677 1678 apparentiae
1732 1596 1787 1658 si
1850 1616 1922 1660 se
1978 1592 2151 1660 oculi
2223 1592 2428 1658 nostri

183 1699 588 1768 convertant,
625 1710 764 1756 non
809 1691 980 1757 inani
1022 1692 1267 1788 pictura
1291 1693 1560 1788 (quod
1556 1693 1639 1758 de
1674 1697 1899 1760 Aenea
1938 1699 2059 1760 suo
2100 1679 2427 1782 praedicat

181 1789 548 1889 Virgilius),
587 1788 710 1857 sed
749 1787 960 1856 solida
1005 1809 1219 1856 earmn
1269 1814 1517 1888 rernm,
1571 1793 1743 1872 unde
1798 1797 1925 1858 vita
1978 1795 2257 1880 petenda
2312 1805 2423 1878 est,

175 1893 414 1959 notitia
473 1899 838 1974 pascentur.
935 1891 1150 1981 Atque
1202 1902 1273 1956 ut
1327 1891 1408 1960 ad
1466 1896 1863 1990 propositum
1916 1915 2275 1962 sermonem
2324 1914 2425 1960 re-

177 2000 414 2067 vertar,
453 1987 561 2054 hic
601 1993 882 2076 optimus
923 2000 1018 2056 est
1057 1994 1465 2074 conscientiis
1494 2004 1813 2086 receptus,
1853 1992 1968 2060 ubi
1999 1997 2167 2060 inter
2197 1991 2427 2064 tumul-

181 2104 404 2158 tuosas
443 2094 616 2170 istas,
658 2087 894 2175 quihus
933 2090 1206 2159 mundus
1247 2095 1638 2168 concutitur,
1676 2093 1997 2178 procellas
2036 2091 2423 2184 tranquillae

177 2190 534 2258 resideant.
611 2191 796 2257 Haec
838 2189 1117 2278 denique
1152 2190 1479 2258 meditatio
1521 2191 1663 2260 sola
1694 2193 1975 2274 efficiet,
2010 2217 2099 2260 ne
2142 2214 2423 2280 unquam

175 2289 379 2359 nohis
421 2288 686 2370 aecidat,
725 2290 903 2379 quod
947 2290 1028 2356 de
1069 2293 1296 2356 maiori
1335 2291 1661 2361 hominum
1699 2303 1879 2379 parte
1910 2294 2061 2369 olim
2096 2293 2182 2363 ab
2204 2294 2419 2369 Ennio

177 2414 340 2457 vere
383 2412 528 2457 ease
568 2390 814 2459 dictum.
847 2380 1048 2460 nimis
1085 2392 1282 2457 multa
1319 2396 1753 2479 experimenta
1791 2392 2099 2479 probant,
2133 2391 2335 2479 pelli
2382 2413 2419 2457 e

181 2491 454 2559 medio
497 2492 990 2577 sapientiam,
1030 2496 1350 2579 quoties
1388 2495 1463 2559 vi
1504 2515 1635 2559 res
1678 2497 2003 2577 geritur.
2084 2492 2251 2560 Nam
2272 2494 2419 2561 stin

183 2611 446 2658 summo
483 2600 544 2653 et
575 2594 876 2665 acerrimo
919 2592 1312 2677 proeliorum
1347 2592 1607 2667 fervore
1640 2600 1880 2656 tantum
1908 2590 2081 2675 apud
2100 2591 2427 2655 Lacedae-

185 2692 452 2757 monios
467 2692 678 2775 potuit
696 2691 990 2765 tibiarum
1001 2703 1367 2770 concentus,
1383 2705 1454 2759 ut
1471 2694 1821 2775 ‚ingenitam
1833 2690 2151 2755 bellicoso
2176 2689 2421 2775 populo

185 2792 502 2860 ferociam
541 2788 772 2857 leniret
809 2793 1244 2877 impetumque
1257 2837 1292 2877 „
1321 2792 1433 2877 qui
1472 2788 1581 2858 vel
1622 2792 1688 2855 in
1742 2788 2001 2859 mitibus
2038 2788 2285 2879 alioqui
2325 2793 2421 2857 in-

185 2894 402 2979 geniis
451 2902 602 2957 tunc
658 2912 850 2979 supra
905 2889 1163 2955 modum
1229 2890 1523 2972 exsultat,
1588 2894 2001 2979 temperaret,
2062 2902 2300 2979 quanto
2350 2889 2422 2975 id

185 2990 422 3057 melius
454 3002 516 3057 et
557 2992 884 3075 efficacius
925 2990 1190 3057 coelesti
1231 2990 1505 3079 Spiritus
1542 2995 1739 3059 sandi
1765 2991 2208 3065 modulatione
2240 3011 2427 3077 prae·

187 3090 386 3157 stabit
426 3090 669 3159 Christi
723 3095 1030 3179 regnum?
1093 3092 1269 3178 quod
1309 3114 1445 3161 non
1495 3092 1693 3160 modo
1745 3092 2143 3159 truculentas
2181 3090 2421 3157 bestias

189 3198 462 3271 eiciunt,
499 3192 618 3269 sed
660 3215 738 3257 ex
779 3191 980 3282 lupis,
1026 3190 1356 3270 leonibus,
1409 3202 1474 3259 et
1513 3195 1676 3259 ursis
1740 3214 1937 3278 agnos
1986 3192 2177 3277 facit?
2242 3188 2421 3275 quod

193 3294 450 3359 lanceas
499 3296 568 3357 in
619 3292 822 3359 falces
877 3296 1220 3369 convertit,
1275 3303 1338 3359 et
1391 3290 1641 3377 gladios
1694 3295 1761 3357 in
1802 3312 2097 3357 vomeres
2152 3288 2421 3355 format?

195 3395 417 3479 Quum
455 3414 611 3479 ergo
653 3394 1136 3479 temperamenti
1175 3413 1376 3479 genus
1409 3391 1563 3459 Tibi
1604 3391 1889 3469 offeram,
1926 3392 2233 3477 Princeps
2272 3387 2419 3469 Lllu·

193 3494 526 3569 siriasim,
575 3491 769 3577 quale
822 3503 1174 3587 temporum
1215 3491 1468 3579 *flagitat
1527 3496 1903 3570 necessitas,
1955 3490 2243 3557 officium
2288 3490 2423 3555 hoc

193 3592 632 3661 Excellentiae
647 3592 856 3668 Tuae,
867 3612 1032 3679 quae
1057 3594 1193 3657 eius
1211 3596 1619 3679 estaequitas,
1630 3613 1765 3663 non
1780 3595 2087 3680 ingratum
2112 3590 2254 3657 fore
2270 3610 2423 3670 con-
2512 3678 2523 3685 .

201 3692 362 3773 fido,
415 3703 488 3759 nt
537 3702 711 3757 certe
752 3691 882 3756 hoc
929 3691 1435 3759 confirmationis
1482 3712 1683 3778 genus
1722 3690 2231 3779 imprimis‘utile
2282 3711 2424 3757 esse

199 3805 386 3881 atque
425 3791 736 3859 idoneum
771 3794 1038 3871 senties,
1077 3792 1147 3857 in
1187 3790 1517 3857 Ecclesiae
1559 3794 1894 3877 originem,
1934 3789 2141 3881 qualis
2183 3814 2217 3857 a
2248 3791 2425 3858 Luca

202 3890 618 3969 describitur,
673 3890 900 3971 oculos
955 3903 1365 3970 convertere,
1422 3895 1491 3957 in
1555 3913 1680 3977 qua
1733 3902 1799 3957 et
1855 3890 2245 3965 admirabilis
2302 3886 2424 3953 sub

202 3996 402 4057 crucis
455 3993 806 4079 ignominia
847 3990 978 4057 Dei
1017 3994 1246 4071 virtus,
1297 4002 1360 4057 et
1410 3989 1731 4057 indefessa
1772 3989 1894 4055 sub
1934 3991 2173 4077 ingenti
2226 3987 2429 4055 mole-

203 4096 454 4159 stiarnm
496 4112 702 4159 onere
744 4110 1072 4161 servorum
1115 4090 1244 4156 Dei
1282 4088 1618 4157 tolerantia
1660 4090 1959 4175 refulget,
2000 4102 2062 4155 et
2102 4110 2431 4155 successus

201 4196 338 4277 ipse
375 4190 604 4280 mundi
641 4192 885 4267 iudicio
925 4190 1324 4259 incredibilis
1363 4188 1749 4260 uberrimum
1790 4193 2121 4273 utriusque
2162 4188 2433 4258 fructum

205 4292 466 4385 profert.
549 4290 916 4373 Caeterum,
945 4301 1016 4359 ut
1049 4290 1301 4381 reliqua
1341 4276 1641 4377 omittam,
1678 4310 1845 4377 quae
1888 4311 1962 4355 ex
1984 4288 2196 4357 Lucae
2233 4291 2435 4407 ipsius
