2788 4713
997 234 1271 299 cAPtn·
1309 234 1531 298 xxm.
1670 308 1675 317 ,
2266 248 2384 311 439

151 379 262 441 bus
298 375 569 440 subsidiis
605 374 892 459 indigeat:
944 376 1112 439 simul
1151 378 1460 441 tolerantia
1498 379 1803 441 armandae
1838 396 1974 445 sunt
2009 396 2269 462 mentes,
2314 396 2384 449 ut

149 456 364 539 longos
404 468 463 517 et
545 452 804 534 erplexos
843 451 1234 515 molestiarum
1274 455 1545 517 circuitus
1584 458 2011 521 transcendant.

303 538 394 597 12.
479 474 622 593 ὅπα
659 544 844 595 autem
879 528 987 591 die.
1065 532 1188 592 Hac
1229 532 1659 595 circumstantia
1690 534 1945 595 ostendit
1964 536 2177 614 Lucas,
2206 558 2382 623 quam

151 628 388 671 necesse
439 610 614 668 suerit
651 606 836 673 Paulo
884 627 1100 669 novum
1153 619 1211 668 et
1257 627 1459 670 recens
1506 602 1641 669 fidei
1691 608 1879 671 robur
1937 610 2071 673 colli
2117 634 2244 693 ere,
2304 636 2382 686 ne

147 686 468 767 trepidaret
508 684 564 743 in
607 682 848 749 maximo
891 694 950 743 et
985 684 1180 744 subito
1223 684 1581 747 discrimine:
1634 707 1769 747 nam
1810 686 1881 745 de
1921 690 2037 747 ta‘m
2118 704 2381 769 espen-ato

149 762 403 825 hostium
442 780 680 822 suorum
719 755 918 820 surore
939 760 1266 823 admonitus
1305 762 1450 821 nihil
1486 774 1738 843 statuere
1770 762 1920 823 aliud
1960 765 2185 845 potuit,
2215 788 2383 849 quam

151 852 344 899 actum
388 857 511 899 esse
551 836 624 896 de
661 836 774 895 vita
813 858 931 896 sua.
1009 837 1266 898 Devotio
1309 836 1471 915 haec,
1514 836 1671 905 cuius‘
1712 839 1974 903 meminit
2009 836 2213 917 Lucas,
2251 864 2383 921 spe-

151 916 270 977 cies
310 913 420 974 fuit
457 912 848 986 anathematis.
925 912 1111 973 Causa
1152 913 1480 977 devotionis
1522 926 1665 989 erat,
1705 935 1779 975 ne
1819 916 2125 991 consilium
2164 929 2387 979 mutare

155 990 240 1051 fas
279 1002 448 1063 esset,
486 990 576 1049 vel
618 1001 933 1052 retractare
973 989 1130 1068 quod
1173 990 1569 1056 condixerant.
1650 988 1867 1053 Subest
1886 992 2121 1075 quidem
2156 1013 2387 1083 semper

149 1068 212 1127 in
253 1066 628 1127 iureiurando
668 1065 839 1127 tacita
881 1067 1226 1139 exsecratio,
1267 1066 1332 1127 Si
1374 1068 1499 1147 quis
1542 1066 1703 1131 fallat
1739 1068 1829 1129 vel
1868 1071 2113 1150 peieret,
2151 1068 2253 1132 sed
2292 1090 2388 1129 m-·

149 1144 382 1205 terdum
421 1164 539 1223 quo
577 1160 640 1203 se
678 1141 857 1223 magis
897 1138 1268 1225 obstringant
1307 1142 1589 1225 homines,
1628 1158 1812 1209 certas
1841 1145 2219 1209 anathematis
2261 1145 2385 1208 for-

153 1241 272 1279 mas
313 1219 671 1300 concipiunt,
711 1229 772 1277 et
809 1217 997 1295 capita
1035 1238 1136 1277 sua
1181 1218 1316 1280 diris
1356 1220 1679 1297 devovent,
1719 1242 1867 1302 quae
1908 1223 2192 1285 incutiant
2228 1222 2387 1283 inso-

149 1295 316 1357 litum
356 1306 664 1356 terrorem.
742 1292 1056 1355 Caeterum
1107 1294 1281 1356 docet
1319 1294 1461 1357 haec
1502 1297 1767 1373 historia,
1806 1298 1995 1369 zelum
2037 1298 2113 1359 ita
2150 1296 2386 1381 saugui-

151 1372 374 1433 narium
415 1391 539 1430 esse
579 1370 640 1429 in
679 1368 1030 1450 hypocritis,
1091 1381 1159 1430 ut
1205 1392 1324 1431 non
1366 1386 1645 1454 reputent
1727 1374 1825 1438 uid
1872 1376 1987 1444 sibi
2032 1374 2236 1451 liceat,
2284 1372 2389 1435 sed

147 1468 386 1529 quocun
433 1466 504 1506 ue
539 1446 748 1505 tulerit
785 1444 990 1519 libido,
1025 1465 1230 1508 secure
1266 1448 1599 1529 provolent.
1736 1472 1895 1518 emus
1920 1452 2164 1512 Paulum
2202 1448 2390 1512 scele-

149 1536 340 1584 ratum
421 1524 566 1589 uisse
621 1520 918 1581 hominem
959 1534 1021 1581 et
1055 1534 1244 1583 morte
1283 1525 1553 1607 dignum:
1619 1527 1746 1606 quis
1804 1538 1999 1587 tamen
2038 1526 2274 1609 privatis
2314 1524 2389 1586 de

151 1619 228 1660 eo
267 1618 488 1679 poenas
525 1617 756 1658 sumere
795 1597 1170 1677 permiserat?
1206 1600 1330 1661 lam
1369 1600 1418 1661 si
1460 1602 1587 1680 quis
1630 1614 1909 1682 rogasset,
1950 1624 2055 1663 cur
2076 1616 2389 1683 tantopere

151 1674 412 1738 odissent
441 1673 702 1748 Paulum,
739 1674 797 1735 in
839 1686 1114 1755 promptu
1150 1677 1381 1755 quidem
1424 1688 1549 1735 erat
1587 1676 1923 1758 responsio,
1962 1678 2091 1759 quia
2129 1672 2391 1759 apostata

151 1762 306 1811 esset
344 1770 410 1811 ac
447 1750 864 1810 schismaticus:
904 1750 1003 1810 sed
1047 1749 1209 1811 huius
1251 1752 1336 1811 rei
1376 1751 1550 1811 stulta
1588 1752 1773 1813 solum
1816 1766 1876 1813 et
1916 1775 1980 1813 ex
2018 1754 2245 1815 incerto
2289 1763 2388 1814 ru-'

148 1845 317 1886 more
357 1838 643 1907 concepta
681 1826 886 1905 opinio
927 1846 1130 1885 eorum
1169 1828 1391 1890 animos
1431 1839 1653 1887 temere
1692 1842 2094 1909 occupaverat.
2172 1830 2394 1893 Eadem.
2480 1866 2485 1869 ·

147 1902 334 1964 hodie
371 1903 625 1963 coecitas
664 1913 723 1961 et
757 1901 914 1961 idem
951 1914 1158 1981 stupor
1194 1902 1454 1986 Papistas
1490 1903 1756 1985 instigat,
1815 1917 1881 1965 ut
1928 1905 1989 1965 in
2042 1904 2214 1966 nobis
2252 1926 2391 1987 per-

151 1979 362 2041 dendis
398 1979 540 2039 nihil
580 1978 691 2039 sibi
729 1978 994 2046 illicitum
1029 1990 1260 2071 putent.
1335 1978 1429 2039 Ita
1470 2000 1571 2043 eos
1612 1992 1889 2044 excoecat
1926 1982 2277 2062 hypocrisis,
2326 1992 2393 2043 ut

147 2068 426 2139 tanquam
468 2056 674 2117 divinis
714 2066 774 2115 et
813 2054 1070 2115 humanis
1111 2054 1336 2137 iegibus
1371 2055 1550 2119 soluti
1587 2056 1718 2119 zelo
1756 2078 1864 2119 suo
1904 2078 2062 2122 nunc
2100 2058 2173 2119 ad
2213 2058 2391 2139 perfi-

149 2132 336 2206 diam,
375 2153 532 2191 nunc
571 2130 642 2191 ad
681 2131 857 2191 varias
899 2130 1158 2206 fraudes,
1200 2154 1356 2192 nunc
1397 2133 1467 2192 ad
1509 2134 1817 2195 immanem
1855 2134 2183 2229 saevitiam²
2225 2134 2392 2195 deni-
2470 2188 2477 2195 .

149 2230 268 2288 que
307 2208 376 2268 ad
405 2208 628 2288 quidvis
667 2207 992 2267 audendum
1017 2221 1337 2286 raptentur.
1414 2210 1515 2267 Aa
1550 2210 1693 2269 haec
1733 2212 1791 2269 in
1837 2212 1939 2271 hac
1980 2212 2215 2270 historia
2256 2231 2393 2301 per*-

149 2285 453 2365 spicimus,
515 2296 728 2364 quanta
765 2284 844 2343 sit
899 2282 1214 2362 impiorum
1271 2284 1584 2343 temeritas.
1661 2282 1937 2344 Adhibita
1998 2298 2395 2345 exsecratione

145 2363 347 2422 iurant
383 2380 447 2420 se
485 2381 608 2419 non
647 2369 780 2420 ante
820 2356 1014 2418 cibum
1050 2379 1113 2417 ca
1157 2370 1341 2430 turos,
1381 2379 1549 2438 quam
1578 2359 1816 2419 Paulum
1849 2361 2193 2432 occiderint,
2234 2361 2395 2442 quasi

147 2458 295 2498 vero
335 2437 396 2494 in
439 2455 642 2495 eorum
681 2455 854 2492 manu
894 2444 1045 2491 esset
1080 2433 1120 2491 il
1147 2433 1232 2492 ius
1269 2432 1404 2492 vita.
1454 2432 1667 2507 ·Quod
1717 2453 1861 2516 ergo
1915 2439 2090 2496 toties
2140 2436 2250 2496 sibi
2290 2437 2392 2497 uni

144 2511 410 2575 vindicat
443 2509 735 2570 Dominus
773 2509 833 2568 in
877 2507 1206 2587 Scriptura,
1265 2521 1330 2568 ut
1383 2507 1685 2568 hominum
1725 2532 1872 2589 quos
1923 2513 2139 2570 creavit
2188 2511 2391 2572 mortis

151 2601 220 2650 et
251 2589 399 2648 vitae
437 2589 512 2648 sit
549 2584 768 2645 arbiter
834 2584 1010 2644 Dent.
1031 2589 1130 2656 32,
1165 2585 1313 2661 39),
1349 2583 1407 2645 id
1446 2583 1561 2644 sibi
1598 2599 1880 2666 usurpant
1916 2587 2012 2647 isti
2048 2587 2393 2666 phrenetici.

149 2664 364 2735 Adde,
415 2661 574 2744 quod
631 2681 752 2721 non
845 2681 920 2720 uo
959 2660 1048 2719 vel
1103 2672 1220 2722 tres
1258 2660 1630 2742 reperiuntur
1664 2673 1861 2724 tantae
1900 2664 2187 2725 amentiae
2225 2663 2394 2738 socii,

150 2739 258 2803 sed
298 2741 492 2820 piures
533 2756 700 2819 quam
741 2735 1142 2817 quadraginta:
1195 2736 1350 2796 unde
1391 2735 1564 2796 etiam
1604 2736 1873 2800 discimus
1915 2750 2129 2818 quanta
2168 2737 2242 2800 sit
2282 2737 2393 2806 ho-

149 2819 378 2880 minum
442 2815 513 2875 ad
574 2831 844 2894 perverse
901 2814 1186 2892 agendum
1246 2817 1598 2893 propensio,
1660 2813 1893 2904 quando
1956 2814 2037 2875 sic
2098 2815 2393 2874 turmatim

153 2900 396 2958 co‘e‘unt.
473 2891 662 2951 Porro
714 2912 892 2971 quum
941 2893 1302 2969 impotenter
1351 2909 1453 2950 eoa
1502 2891 1851 2971 praecipitet
1890 2891 2063 2951 Satan
2114 2890 2175 2950 iu
2227 2911 2393 2951 suum

151 2975 418 3054 ipsorum
449 2968 701 3040 exitium,
739 2988 913 3046 quam
953 2966 1222 3047 pudenda
1263 2978 1352 3028 est
1387 2978 1587 3026 nostra
1624 2967 1870 3103 igpavia,
1909 2965 2069 3046 quod
2108 2987 2219 3046 pro
2244 2987 2397 3028 asse-

153 3049 340 3113 renda
380 3046 496 3106 Dei
553 3043 743 3126 gloria
785 3044 894 3112 ‚vix
953 3043 1198 3124 digitum
1258 3041 1593 3104 movemus?
1727 3043 1953 3102 enenda
2012 3044 2242 3124 quidem
2308 3053 2396 3103 est

151 3123 508 3196 moderatio,
545 3141 622 3180 ne
662 3119 800 3200 quid
841 3120 950 3181 nisi
991 3141 1059 3179 ex
1093 3118 1212 3179 Dei
1251 3119 1525 3179 mandato
1564 3129 1876 3193 tentemus,
1912 3118 2015 3178 sed
2054 3119 2158 3178 ubi
2197 3117 2393 3180 nomi-

153 3202 338 3264 natim
376 3199 664 3258 Dominus
702 3218 812 3257 nos
851 3208 1039 3266 vocat,
1081 3196 1226 3256 nihil
1265 3195 1647 3256 excusationis
1684 3196 1865 3254 habet
1900 3195 2161 3255 cessatio.

245 3316 252 3327 .
311 3284 404 3344 14.
459 3273 842 3336 Accesserant
873 3271 959 3334 ad
977 3273 1275 3346 Principes
1305 3267 1679 3333 sacerdotum.
1758 3268 1941 3345 Quod
1979 3281 2095 3342 tam
2118 3269 2396 3333 scelestae

159 3366 223 3419 et
261 3349 546 3412 nefandae
585 3349 1004 3429 conspirationi
1042 3345 1419 3407 subscribunt
1460 3347 1823 3422 sacerdotes,
1876 3345 1990 3406 hoc
2038 3347 2394 3408 documento

159 3429 442 3511 produnt,
479 3445 541 3484 se
581 3443 692 3486 nec
730 3423 853 3484 ullo
893 3424 1006 3482 Dei
1055 3423 1267 3482 timore
1316 3421 1507 3502 tangi,
1548 3441 1657 3482 nec
1706 3421 1841 3482 ulla·
1866 3422 2220 3484 humanitde
2271 3441 2396 3483 esse

203 3504 476 3566 raeditos.
550 3501 687 3561 Non
725 3500 904 3560 modo
945 3499 1218 3578 probant,
1258 3498 1417 3577 quod
1454 3497 1699 3558 affertur
1725 3498 1803 3558 de·
1832 3498 2073 3560 homine
2110 3521 2219 3580 per
2254 3499 2397 3560 insi-

155 3529 282 3646 {ias
317 3577 608 3652 necando,
643 3576 746 3638 sed
785 3575 1072 3638 iatrocinii
1107 3585 1332 3656 partem
1371 3575 1603 3652 exsequi
1642 3575 1824 3654 parati
1856 3586 2009 3650 sunt,
2048 3587 2132 3636 ut-
2152 3577 2213 3642 in
2248 3576 2397 3638 sica-

159 3661 386 3722 riorum
424 3675 624 3715 manus
662 3653 914 3728 tradant,
939 3671 1111 3731 quem
1151 3650 1394 3744 cupiunt
1418 3650 1620 3729 quovis
1660 3650 1836 3712 modo
1878 3652 2188 3730 perditum.
2233 3646 2393 3724 Quid

161 3733 325 3796 enim
386 3731 538 3791 aliud
597 3742 721 3790 erat
781 3729 1074 3789 hominem
1128 3747 1160 3787 e
1221 3725 1426 3788 iudicis
1480 3726 1743 3787 manibus
1791 3726 1862 3786 ad
1914 3748 2118 3787 necem
2167 3742 2396 3804 rapere,

159 3831 338 3892 quam
401 3807 692 3867 latronum
756 3823 920 3866 more
969 3805 1028 3863 in
1081 3804 1210 3885 ipso
1259 3801 1477 3862 iudicio
1522 3801 1803 3882 grassari?
1878 3803 2013 3864 Hoc
2062 3813 2223 3864 certe
2280 3813 2397 3860 tam

205 3895 602 3963 raeposterum
643 3882 945 3942 consilium
988 3901 1278 3961 nunqnam
1318 3877 1665 3959 probassent
1700 3879 2061 3952 sacerdotes,
2097 3877 2145 3938 si
2184 3898 2295 3956 qua
2334 3875 2399 3936 in

153 3963 276 4026 aliis
316 3958 516 4021 fuisset
549 3971 714 4041 gutta
751 3959 832 4042 pii
871 3958 1132 4036 rectique
1170 3955 1449 4029 arrectus,
1484 3955 1604 4016 imo
1642 3974 1839 4016 sensus
1878 3952 2133 4012 humani.
2211 3949 2401 4028 Adde,

159 4036 324 4122 quod
367 4056 471 4129 per
510 4056 612 4096 eos
654 4055 771 4094 non
811 4034 996 4106 stetit,
1075 4032 1342 4092 uominus
1384 4043 1445 4090 et
1478 4029 1593 4092 toti
1631 4031 1853 4112 populo
1894 4042 1953 4088 et
1983 4027 2095 4090 sibi
2133 4047 2397 4109 magnam

159 4115 487 4199 perniciem
526 4121 925 4245 accerserent
975 4129 1037 4170 se
1119 4109 1192 4168 ita
1232 4107 1518 4188 perditam
1558 4119 1781 4196 eorum'·
1800 4107 2185 4188 impietatem,
2247 4109 2398 4183 quae

159 4189 272 4253 sub
313 4188 558 4254 honoris
598 4187 734 4249 suco
775 4184 885 4249 iat‘e
929 4197 1006 4258 at,
1041 4185 1328 4248 Dominus
1367 4183 1553 4264 paiam
1594 4185 1827 4252 detexit.

320 4273 414 4332 16.
489 4263 683 4326 Filius
716 4265 936 4324 surm-is
969 4261 1167 4328 Pmdt'.
1243 4261 1353 4322 Hic
1375 4259 1653 4334 videmus,
1693 4270 1757 4316 ut
1794 4253 2101 4338 impiorum
2144 4253 2397 4320 consiliis

161 4343 332 4409 Deua
353 4341 516 4426 quasi
554 4361 622 4402 ex
659 4353 986 4408 transverso
1025 4348 1308 4406 occurrat.
1379 4337 1565 4408 Multa
1587 4334 1822 4416 quidem
1860 4332 2000 4394 sinit
2038 4353 2139 4396 eos
2176 4331 2399 4396 machi-
