2788 4713
351 405 452 473 419.
525 396 951 477 Diu-lgabaeflu·
993 418 1181 461 sev-uno
1224 396 1486 461 Bonane.
1563 394 1682 460 Hic
1831 412 2090 481 messum
2135 402 2439 489 Evangelii

186 472 391 546 ¹rel'ert
427 482 643 541 Lucas:
680 478 741 539 in
772 497 891 557 quo
930 498 959 539 a
1001 486 1169 569 paret
1206 496 1376 555 quam
1407 494 1540 537 vera
1575 474 1650 535 sit
1675 416 1894 539 efflui
1922 480 2220 559 parabola,
2255 504 2438 563 quum

195 562 499 621 fermento
548 554 735 616 simile
786 572 912 613 esse
998 563 1102 613 icit
1148 551 1319 631 (Luc.
1356 557 1456 625 13,
1492 551 1636 627 21.).
1723 553 1806 613 Su
1851 554 2264 619 rahabuimm
2309 580 2439 623 ma-

246 656 387 697 num
428 633 601 693 fuisse
638 628 839 711 populi
878 647 1243 700 concursum,
1280 638 1346 687 ut
1379 646 1486 707 per
1520 638 1704 687 totam
1733 574 1940 690 urgent
1976 652 2232 710 sparsum
2263 654 2438 701 verae

198 658 511 773 doctrinae
548 726 745 767 semen
785 705 988 766 suerit:
1034 725 1191 765 nunc
1230 702 1373 765 dicit
1407 702 1592 783 Lucas
1631 703 1794 767 latius
1838 706 2110 767 diffusum
2149 729 2291 789 esse,
2327 733 2438 795 per

198 800 395 851 totam
434 784 661 845 scilicet
695 782 1017 863 regionem.
1791 816 1798 827 ·

360 867 457 927 50.
542 859 775 919 Interea
824 868 1274 932 commemorat,
1332 876 1458 917 non
1505 857 1634 917 sine
1691 858 1906 919 sudore
1953 873 2017 919 et
2061 862 2321 927 molestia
2373 865 2440 926 id

205 958 337 1003 esse
375 937 607 999 sactum.
682 934 867 1023 Laeta·
900 934 917 995 i
964 934 1079 994 itur
1123 944 1184 993 et
1230 933 1518 1013 auspicata
1553 933 1808 1025 'fuerunt
1830 937 2077 1030 ‘exordia
2117 941 2441 1003 vocationis

206 1026 663 1153 ffissnik'uffiffi
698 1021 1116 1147 8:²32„ss
1130 1026 1381 1164 ‚⁶¹:33¹
1460 1010 2443 1173 {22³323322m21'11'd252223ss31

207 1169 469 1241 duxerat,
506 1176 729 1225 certare
766 1162 1048 1243 oportuit.
1123 1161 1464 1223 Notandum
1501 1171 1591 1222 est
1627 1172 1822 1223 autem
1899 1165 2015 1224 uod
2059 1166 2200 1227 dicit
2236 1167 2445 1243 Lucas,

202 1240 471 1305 muliere-'s
508 1239 805 1320 religiosas
846 1249 907 1299 et
946 1238 1217 1299 honestas
1257 1258 1387 1299 cum
1420 1238 1776 1318 primoribus
1812 1262 1882 1301 ur
1927 1242 1976 1301 is
2011 1241 2282 1321 impulsas
2317 1262 2444 1305 esse

202 1320 283 1381 ad
322 1338 489 1399 perse
534 1315 757 1375 nendos
796 1312 1017 1375 Christi
1052 1332 1266 1373 servos.
1360 1315 1500 1373 Fuit
1537 1315 1690 1375 enim
1729 1315 1844 1377 hoc
1881 1336 2003 1378 non
2043 1317 2170 1377 leve
2207 1319 2446 1382 scanda-

201 1398 331 1457 lum
376 1394 503 1453 rudi
552 1414 617 1452 ns
672 1401 732 1450 et
782 1391 881 1470 qui
928 1389 1159 1451 vixdum
1203 1388 1267 1448 in
1308 1388 1544 1453 Christo
1596 1390 1782 1473 geniti
1829 1404 2022 1467 erant,
2071 1396 2448 1473 quum·vide-

204 1480 346 1533 rent
377 1468 619 1532 Christo
657 1466 957 1527 adversum
994 1484 1139 1540 esse,
1178 1464 1456 1545 quicquid
1482 1467 1740 1529 virorum
1779 1480 1841 1529 et
1869 1468 2176 1545 mulierum
2212 1470 2276 1531 in
2305 1491 2445 1552 pre-

204 1548 298 1609 tio
346 1545 668 1606 habebatur
730 1554 788 1603 et
836 1541 1003 1602 laude
1052 1541 1292 1622 dignum
1340 1553 1466 1602 erat
1509 1544 1827 1605 secundum
1861 1544 2159 1607 *hominen
2235 1548 2447 1631 Magna

209 1621 419 1715 populi
454 1620 625 1681 turba
666 1618 959 1679 Christum
998 1629 1341 1753 receperat,
1388 1618 1490 1679 sed
1527 1619 1698 1679 turba
1739 1632 1799 1680 et
1836 1618 2136 1683 hominum
2175 1623 2448 1687 duntaxat

214 1720 343 1779 quis
388 1697 575 1757 uiliae.
642 1696 728 1755 Ex
754 1694 1031 1775 opposito
1056 1706 1141 1754 sta
1184 1704 1285 1753 ant
1350 1695 1594 1755 rimores
1630 1695 1810 1771 urbis,
1850 1698 1950 1777 qui
1987 1696 2300 1778 splendore
2333 1722 2444 1765 sno

212 1777 360 1858 igno
404 1771 479 1832 ile
518 1782 577 1833 et
612 1772 927 1832 obscurum
956 1769 1157 1853 vulgus
1198 1770 1305 1830 faci
1332 1790 1365 1829 e
1403 1771 1751 1832 obruebant.
1813 1772 2151 1854 Suspectam
2189 1797 2450 1857 quoqne,

214 1852 339 1911 imo
380 1849 635 1910 odiosam
674 1847 919 1907 reddere
955 1846 1277 1907 doctrinam
1320 1858 1582 1927 poterat,
1633 1849 1788 1928 quod
1829 1852 1958 1931 piae
1995 1852 2056 1910 in
2093 1854 2346 1931 speciem
2384 1866 2449 1915 et

212 1928 497 1987 honestae
531 1934 831 1984 matronae
869 1923 1137 1983 adversus
1174 1942 1299 1983 eam
1346 1923 1591 1985 infestae
1631 1934 1812 1986 erant.
1901 1926 1968 1985 Si
2003 1918 2376 2007 insurgerent
2411 1950 2450 1991 e

212 2002 411 2063 lustris
460 2000 555 2061 vel
601 1998 881 2079 cauponis
924 1997 1189 2070 homines
1237 2020 1520 2080 nequam,
1579 2000 1863 2081 improbi,
1924 2014 1985 2063 et
2028 2004 2336 2087 flagitiosi,
2395 2006 2448 2067 si
2551 2004 2568 2024 '

210 2090 543 2143 scortorum
584 2094 791 2158 greges
840 2094 875 2135 e
924 2073 1189 2155 lupanari
1238 2090 1643 2156 erumperent,
1691 2077 1912 2139 nullum
1961 2092 2112 2140 esset
2145 2082 2448 2165 Evangelii

212 2156 502 2226 dedecus,
547 2152 689 2233 quin
728 2151 919 2243 potius
971 2151 1106 2212 inde
1154 2150 1367 2213 clarior
1405 2152 1757 2215 elucesceret
1795 2155 1918 2217 eius
1957 2156 2237 2239 dignitas,
2288 2180 2448 2221 nune

214 2232 359 2314 quid
398 2240 596 2311 potest
628 2247 827 2289 venire
866 2227 1101 2289 infirmis
1140 2228 1199 2287 in
1236 2241 1518 2311 mentem,
1558 2231 1666 2289 nisi
1704 2230 2060 2309 doctrinam,
2110 2254 2257 2314 quae
2303 2233 2449 2297 tales

214 2308 397 2371 habet
442 2304 823 2380 adversarios,
882 2304 1122 2364 minime
1167 2325 1202 2365 a
1250 2306 1385 2366 Deo
1437 2304 1595 2368 esse?
1670 2306 1920 2368 Necesse
1970 2328 2111 2389 ergo
2165 2310 2275 2372 fuit
2319 2330 2448 2374 non

216 2386 400 2446 modo
438 2383 667 2454 fideles,
714 2382 816 2460 qui
854 2381 1041 2442 adhuc
1077 2383 1267 2440 teneri
1316 2393 1377 2440 et
1425 2381 1640 2442 novicii
1679 2395 1875 2455 erant,
1923 2405 1956 2444 a
1993 2385 2257 2446 Domino
2297 2407 2448 2448 con-

218 2461 469 2533 firmari,
524 2479 601 2518 ne
648 2457 791 2518 fides
838 2477 1041 2516 eorum
1081 2456 1433 2530 labasceret,
1488 2456 1591 2518 sed
1653 2461 1826 2517 etiam
1873 2479 2104 2518 manum
2155 2461 2336 2524 Paulo
2385 2475 2450 2524 et

218 2533 526 2598 Barnabae
572 2533 827 2626 porrigi,
876 2553 951 2592 ne
999 2532 1165 2592 fracti
1215 2532 1571 2593 desisterent.
1661 2533 1970 2594 Caeterum
2021 2535 2134 2595 boc
2182 2537 2448 2617 exemplo

222 2634 337 2674 nos
376 2611 574 2672 doceri
608 2609 798 2670 volunt
830 2609 1023 2683 Deus,
1070 2605 1306 2668 fortiter
1352 2607 1734 2669 resistendum
1785 2628 1908 2670 esse
1944 2609 2152 2672 talibus
2191 2613 2450 2676 offendi-

224 2689 403 2761 culis,
452 2698 511 2746 et
554 2686 869 2748 cavendum
917 2704 991 2746 ne
1030 2685 1224 2744 inanes
1260 2683 1540 2744 virtutum
1587 2683 1777 2744 larvae
1826 2686 2030 2746 oculos
2069 2688 2242 2750 nobis
2281 2709 2452 2770 prae-

224 2766 543 2846 stringant,
592 2783 666 2822 ne
706 2759 925 2823 Christi
972 2760 1217 2842 gloriam
1266 2760 1326 2819 in
1366 2760 1683 2842 Evangelio
1734 2760 2090 2823 relucentem
2129 2785 2448 2828 cernamus.

163 2885 173 2893 ,
228 2841 527 2920 Quicquid
566 2841 719 2900 enim
754 2837 1035 2900 virtutum
1084 2846 1145 2896 et
1190 2835 1506 2898 honestatis
1555 2837 1617 2896 in
1667 2837 1998 2900 bominibus
2041 2838 2186 2922 fingi
2234 2854 2452 2921 potest,

222 2937 441 2978 meram
502 2915 833 2996 hypocrisin
891 2932 1016 2976 esse
1074 2925 1297 2974 certum
1354 2926 1474 2988 est,
1543 2914 1646 2975 ubi
1699 2933 1765 2974 se
1821 2915 2056 2976 Christo
2117 2931 2448 2998 opponunt.

229 2995 327 3068 Qu
406 3015 575 3074 quam
614 2993 739 3052 fieri
776 3002 975 3072 potest
1012 3001 1111 3066 ut,
1162 2989 1261 3068 qui
1312 2989 1383 3050 ad
1432 3001 1658 3070 tempus
1705 2991 2132 3053 inconsiderate
2181 2994 2450 3057 adversus

228 3073 279 3134 C
402 3082 525 3130 tum
562 3069 849 3142 feruntur,
890 3077 1091 3149 postea
1130 3065 1487 3146 resipiscant,
1530 3068 1896 3128 statuendum
1929 3081 2116 3133 tamen
2153 3082 2259 3146 est,
2305 3093 2450 3152 qua.

226 3168 413 3285 3320
432 3223 548 3283 Dei
582 3222 797 3281 timore
826 3237 951 3281 esse
983 3221 1297 3300 praeditos,
1336 3239 1446 3279 nec
1485 3219 1640 3280 aliud
1679 3241 1848 3299 quam
1889 3215 2150 3282 fallacem
2187 3223 2476 3286 umbram'

227 3319 353 3361 esse
388 3299 663 3391 quicquid
684 3297 957 3356 virtutum
998 3307 1321 3356 ostentant:
1362 3317 1470 3356 nec
1487 3315 1629 3356 vero
1670 3297 1878 3358 frustra
1900 3295 2134 3358 Christo
2173 3300 2454 3361 tribuitur
2539 3327 2547 3334 ·

228 3377 345 3512 hssc
402 3376 691 3456 elogium,
753 3373 911 3453 quod
968 3371 1189 3434 revelet
1234 3392 1303 3432 ex
1350 3370 1668 3434 multorum
1725 3373 2002 3435 cordibus
2061 3375 2454 3458 cogitationes

313 3473 403 3513 uc.
550 3457 643 3516 35.
678 3493 695 3508 .

232 3457 259 3534 (
378 3451 724 3602 Rffiwss.
801 3521 1004 3597 Qualis
1051 3543 1191 3584 vero
1238 3522 1451 3606 religio
1497 3543 1622 3586 esse
1663 3526 1884 3607 potuit,
1933 3525 2036 3589 ubi
2083 3527 2239 3590 nulla
2281 3529 2456 3592 verbi

228 3604 346 3664 Dei
378 3601 707 3665 reverentia
742 3601 900 3660 erat?
982 3599 1315 3660 Notandum
1364 3610 1482 3672 est,
1531 3615 1781 3681 quatuor
1827 3623 1950 3666 esse
1999 3605 2298 3666 hominnm
2345 3627 2456 3690 ge-

229 3697 401 3740 nera:
438 3677 589 3738 sicut
626 3696 865 3736 numero
904 3677 1071 3757 pauci
1110 3687 1263 3748 sunt,
1302 3674 1403 3756 qui
1439 3675 1664 3736 sincere
1703 3691 1764 3739 et
1801 3698 1868 3740 ex
1904 3681 2097 3741 animo
2125 3683 2316 3743 Deum
2349 3701 2456 3746 co-

231 3753 375 3825 lant,
410 3753 492 3815 ita
532 3753 698 3832 pauci
736 3764 871 3814 sunt
908 3753 1007 3832 qui
1035 3763 1299 3832 apertum
1329 3771 1692 3846 crassumque
1725 3755 1847 3816 eius
1878 3769 2275 3838 contemptum
2310 3779 2457 3839 pro-

233 3831 525 3890 fiteantur.
584 3819 683 3888 Illi
720 3829 833 3889 iam
872 3827 989 3888 duo
1028 3837 1163 3890 sunt
1202 3828 1452 3888 ordines.
1512 3829 1697 3893 Maior
1733 3845 1924 3893 autem
1962 3855 2092 3914 pars
2133 3853 2241 3892 nec
2277 3855 2454 3914 pror·
2500 3845 2512 3852 '

232 3927 328 3968 sus
366 3902 651 3986 religione
690 3915 866 3982 caret,
904 3925 977 3964 ne
1020 3923 1093 3964 ue
1132 3903 1434 3979 aliena,est
1464 3927 1698 3986 prorsus
1737 3929 1770 3968 a
1809 3909 2102 3969 communi
2125 3909 2242 3967 Dei
2273 3909 2430 3971 cultu

233 3982 335 4045 sed
382 3993 577 4042 tamen
624 3979 833 4061 frigide
878 3992 941 4040 et
1024 3980 1351 4052 esunctorie
1399 3984 1559 4063 quasi
1605 4007 1735 4046 cum
1772 3985 1906 4044 Dee
1956 3984 2246 4058 ludentes,
2291 3983 2342 4046 si
2379 3952 2457 4048 ad

233 4060 429 4120 vivum
466 4056 887 4130 examinentur,
925 4055 1295 4117 nihilominus
1332 4059 1564 4140 profani
1603 4063 1764 4120 sunt:
1805 4061 2052 4140 qualiter
2089 4059 2264 4120 hodie
2301 4063 2456 4126 mul-

234 4147 433 4196 torum
480 4133 741 4213 impietas
790 4131 897 4192 sub
948 4132 1288 4193 ceremoniis
1348 4146 1408 4194 et
1453 4133 1642 4198 fucata
1691 4136 1875 4198 cultus
1926 4135 2040 4196 Dei
2091 4136 2458 4215 professione

236 4224 535 4291 utcunque
571 4209 804 4292 tegitur.
888 4209 981 4268 Ita
1028 4208 1269 4269 saeculis
1306 4211 1576 4274 omnibus
1609 4213 1948 4274 exstiterunt
1986 4211 2302 4275 histrionici
2337 4214 2459 4278 Dei

240 4287 521 4362 cultores,
568 4305 814 4380 quorum
862 4296 989 4346 tota
1030 4285 1301 4348 sanctitas
1339 4299 1463 4348 erat
1497 4289 1561 4348 in
1596 4287 2126 4371 gesticulationibus
2166 4302 2226 4350 et
2262 4291 2462 4354 inani-

240 4359 349 4428 bus
397 4383 644 4445 pompis.
726 4361 891 4426 Pauli
927 4373 1117 4427 aetate
1152 4382 1277 4425 non
1322 4383 1490 4426 secus
1539 4376 1712 4444 atque
1749 4363 1922 4426 hodie
1967 4360 2032 4424 in
2079 4368 2276 4444 paucis
2323 4371 2460 4452 qui-

380 3165 455 3206 ue
492 3144 807 3206 sanctitatis
843 3145 1037 3224 specie
1074 3141 1363 3236 fulgeant,
1407 3143 1509 3222 qui
1549 3143 1824 3204 resistunt
1860 3144 2211 3226 Evangelio,
2252 3167 2454 3230 neque
2575 3173 2595 3200 e
