2788 4713
2243 201 2254 232 ι

1056 295 1335 362 CAPUT
1378 295 1537 356 XX1.
2301 302 2414 362 411

180 443 422 532 pulum.
530 443 659 511 17:
691 446 773 510 Et
824 461 1018 532 quum
1072 443 1468 510 venissemus
1521 441 2072 528 Hierosolymam,
2136 440 2420 508 libenter

182 555 573 632 exceperunt
610 566 731 611 nos
772 545 1014 608 fratres.
1100 543 1197 610 18.
1252 545 1523 610 Postero
1571 553 1777 608 autem
1825 541 1940 606 die'
1973 543 2258 610 introivit
2300 565 2418 610 no-

179 644 427 710 biscum
456 645 709 718 ,Paulus
748 645 829 710 ad
868 631 1207 722 Iacobum,
1262 667 1614 731 omnesque
1659 643 1986 710 affuerunt
2023 644 2420 732 Presbyteri.
2461 709 2468 718 ,

182 747 284 810 19.
328 744 587 830 Quibus
624 743 911 810 salutatis
952 749 1233 811 narravit
1274 767 1393 832 per
1441 745 1705 831 singula,
1751 765 1914 830 quae
1939 744 2120 808 Deus
2159 748 2418 814 fecisset

181 847 351 910 inter
398 844 643 910 Gentes
684 867 803 932 per
844 847 1259 910 ministerium
1316 849 1533 934 ipsius.
1627 847 1744 928 20.
1779 847 1861 910 At
1919 843 2016 909 illi
2071 867 2262 932 quum
2309 869 2419 913 au-

183 944 443 1024 dissent,
486 942 931 1032 glorificabant
956 945 1319 1025 Dominum,
1362 947 1782 1032 dixeruntque
1818 948 1900 1024 ei,
1940 945 2164 1024 Viden,
2207 945 2422 1028 frater,

185 1045 583 1137 quot·millia
624 1058 773 1112 sunt
806 1045 1217 1123 ludaeorum,
1258 1051 1371 1133 qui
1414 1045 1860 1123 crediderunt,
1903 1054 1969 1110 et
2009 1066 2234 1110 omnes
2271 1059 2422 1114 suut

182 1145 451 1213 studiosi
496 1147 701 1234 Legis.
800 1147 899 1211 21.
954 1145 1317 1212 Audierunt
1358 1158 1570 1212 autem
1613 1145 1695 1212 de
1737 1155 1834 1224 te,
1884 1145 2060 1234 quod
2108 1144 2420 1213 desectio·

180 1269 329 1314 nem
371 1245 607 1314 doceas
649 1270 689 1316 a
729 1247 919 1313 Mose
968 1267 1218 1326 omnes,
1261 1249 1373 1333 qui
1412 1251 1581 1314 inter
1622 1245 1871 1312 Gentes
1911 1259 2088 1352 supt,
2127 1248 2422 1328 ludaeos,

183 1348 407 1414 dicens
458 1369 593 1415 non
636 1346 880 1413 debere
938 1369 1055 1414 eos
1108 1347 1568 1414 circumcidere
1621 1348 1825 1428 filios,
1897 1371 2024 1416 nec
2065 1347 2423 1414 secundum

180 1451 463 1517 instituta
503 1452 741 1512 vivere.
818 1447 919 1512 22.
964 1448 1143 1536 Quid
1200 1459 1297 1514 est
1358 1453 1554 1535 ergo?
1637 1449 1925 1515 Omnino
1971 1454 2230 1536 oportet
2269 1469 2422 1515 con-

176 1553 404 1615 venire
448 1547 947 1614 multitudinem:
988 1547 1252 1614 audient
1294 1552 1462 1614 enim
1503 1561 1568 1616 te
1589 1552 1862 1616 venisse.
1942 1551 2042 1616 23.
2067 1546 2232 1614 'Hoc
2266 1570 2421 1636 ergo

178 1649 301 1728 fac,
342 1649 521 1736 quod
563 1647 681 1714 tibi
722 1647 1446 1726 dicimus:.Sunt·nobis
1470 1651 1592 1714 viri
1619 1661 1894 1737 quatuor
1916 1661 2136 1726 votum
2179 1647 2426 1716 hahen-

180 1763 280 1816 tes
310 1758 517 1838 'stuper
559 1769 647 1814 se.
689 1779 696 1784 ·
730 1748 831 1813 24.
874 1751 992 1814 His
1036 1752 1368 1835 assumptis
1411 1749 1684 1836 purifica
1718 1762 1784 1816 te
1826 1773 1966 1816 cum
2011 1749 2162 1828 illis,
2207 1761 2272 1815 et
2313 1752 2426 1815 im-

178 1850 397 1939 pende
440 1871 636 1936 super
678 1870 820 1929 eos,
873 1861 942 1916 ut
993 1849 1223 1915 radant
1276 1861 1497 1937 caput,
1566 1859 1632 1917 et
1667 1854 1870 1918 sciant
1928 1872 2180 1928 omnes,
2243 1849 2424 1938 quod

178 1971 354 2037 quae
390 1949 475 2014 de
516 1949 971 2016 teaudierunt
1012 1949 1173 2016 nihil
1211 1961 1387 2028 sunt,
1437 1951 1556 2016 sed
1597 1951 1888 2018 ambulas
1929 1963 1994 2018 et
2035 1953 2176 2038 ipse
2213 1963 2428 2018 custo·-

178 2052 372 2117 diens
411 2049 664 2134 Legem.
747 2051 847 2115 25.
892 2051 998 2115 De
1040 2051 1135 2115 his
1177 2061 1414 2130 autem,
1467 2054 1577 2139 qui
1620 2051 2036 2118 crediderunt
2077 2073 2154 2116 ex
2196 2051 2426 2119 Genti-

176 2151 324 2231 buS,
366 2171 485 2216 nos
524 2153 916 2239 scripsimus,
958 2149 1414 2232 decernentes,
1471 2174 1555 2218 ne
1600 2153 1754 2242 quid
1793 2149 2430 2236 huiusmodi-omen
2467 2187 2474 2194 ·

176 2261 367 2329 vent,
418 2253 545 2316 nisi
584 2263 657 2318 ut
698 2262 965 2319 caveant
1008 2249 1090 2316 ab
1134 2251 1260 2330 his,
1302 2275 1467 2338 quae
1513 2265 1662 2320 sunt
1701 2252 1898 2320 idolis
1938 2253 2291 2333 immolata,
2359 2263 2462 2322 et‘

180 2352 515 2439 sanguine,
560 2364 623 2417 et
663 2352 1000 2431 suffocato,
1044 2363 1109 2417 et
1148 2358 1561 2419 scortatione.
1679 2380 1686 2389 ·

336 2522 429 2582 15.
504 2514 760 2577 Sublatis
792 2521 1054 2577 seu-cinis.
1130 2516 1450 2577 Declarant
1498 2515 1666 2577 Pauli
1719 2514 1990 2589 comites,
2037 2538 2214 2597 quum
2271 2517 2426 2580 Pau·

178 2596 305 2655 lum
346 2593 542 2653 conati
578 2605 715 2654 sunt
751 2614 1026 2655 revocare
1064 2614 1096 2653 a
1146 2593 1441 2677 periculo,
1492 2593 1603 2653 sibi
1655 2612 2024 2653 communem
2078 2595 2427 2675 potius-Ec-

180 2670 397 2733 clesiae
441 2670 683 2730 salutem
732 2670 906 2729 fuisse
955 2686 1162 2747 curae,
1214 2690 1387 2751 quam
1438 2670 1702 2751 privatim
1753 2669 1962 2750 cuique
2015 2691 2172 2729 suam
2221 2671 2426 2731 vitam:

178 2764 379 2839 neque
419 2750 571 2805 enim
612 2758 844 2827 accepta
886 2746 1112 2828 repulsa
1153 2747 1410 2807 eiusdem
1449 2746 1791 2807 discriminis
1829 2745 2165 2807 societatem
2194 2746 2426 2809 demum

180 2824 443 2905 fugiunt,
484 2834 543 2883 et
578 2834 771 2881 tamen
812 2822 1125 2905 plausibilis
1166 2834 1291 2883 erat
1330 2821 1653 2895 excusatio,
1695 2820 1851 2883 nulla
1891 2842 1952 2881 se
1993 2822 2123 2905 lege
2163 2823 2429 2905 astringi,

184 2910 258 2959 ut
304 2900 469 2959 unius
520 2899 767 2959 bominis
814 2899 1136 2993 pertinacia
1185 2898 1255 2961 ad
1304 2911 1552 2958 mortem
1599 2898 1990 2959 traherentur.
2065 2899 2262 2980 Atque
2311 2899 2430 2960 hoc

188 2987 282 3036 est
330 2974 650 3067 vere·Deo
699 2975 989 3071 subiicere
1029 2988 1262 3037 nostros
1303 2976 1576 3048 affectus,
1617 2998 1794 3057 quum
1835 2974 1997 3034 nullo
2039 2988 2198 3035 metu
2236 2989 2427 3069 terre-

186 3072 325 3189 3:2¹:
334 3072 1042 3207 ’;.·t”;‚‘3..¹'.‘.52.⁸²c‘t'::-⁸13;¹
1048 3063 1393 3211 ἱὲἑίῗῖᾞῗ,
1401 3051 2433 3211 35:31¹*zziz‘iuz‘uflffi{11323322'2}

190 3204 423 3287 pietatis
460 3204 665 3277 ardor,
718 3206 817 3301 qui
866 3208 1021 3267 ultro
1070 3226 1131 3267 se
1183 3206 1504 3287 adiungunt
1553 3218 1613 3266 et
1666 3204 1954 3297 hospitem
1993 3204 2074 3265 illi
2114 3204 2433 3282 adducunt,

188 3302 369 3363 quum
406 3294 601 3340 tamen
640 3282 753 3345 sibi
792 3284 920 3344 iure
958 3285 1163 3343 timere
1202 3295 1445 3364 possent
1483 3304 1514 3341 a
1551 3282 1746 3341 multis
1783 3282 2188 3342 incommodis.

344 3360 437 3421 17.
511 3354 783 3417 Libente»-
815 3371 1161 3435 moperum
1194 3378 1316 3418 nos.
1403 3358 1550 3417 Ideo
1599 3357 1714 3418 boc
1765 3368 2188 3418 commemorat
2222 3358 2434 3435 Lucas,

190 3444 261 3495 ut
298 3432 539 3493 fratrum
579 3436 929 3513 aequitatem
968 3434 1370 3508 commendet,
1411 3432 1512 3515 qui
1551 3432 1726 3493 fidem
1767 3454 1889 3493 non
1929 3434 2253 3495 habuerant
2289 3435 2434 3497 sini-

188 3510 327 3573 stris
378 3511 709 3572 rumoribus
764 3524 827 3573 et
872 3511 1187 3573 calumniis.
1280 3510 1483 3584 Quum
1534 3508 1704 3569 multi
1749 3510 2020 3570 malevoli
2069 3522 2129 3570 et
2175 3512 2432 3594 improbi

190 3586 461 3668 quotidie
500 3587 597 3649 alii
638 3608 813 3671 super
847 3588 993 3650 alios
1031 3596 1337 3671 gravarent
1373 3584 1621 3645 Paulum
1659 3585 1904 3659 invidia,
1953 3586 2085 3681 quia
2123 3600 2316 3649 tamen
2357 3588 2432 3648 de

192 3664 320 3723 eius
358 3664 694 3743 integritate
740 3665 993 3726 Iacobus
1042 3673 1102 3723 et
1155 3661 1421 3744 collegae
1471 3662 1692 3741 optime
1743 3682 1998 3743 persuasi
2050 3676 2246 3739 erant,
2309 3684 2431 3723 non

194 3738 436 3799 fuerunt
473 3744 543 3800 ab
586 3758 657 3801 eo
698 3742 958 3802 alienati:
1014 3758 1169 3801 nune
1217 3758 1362 3833 ergo
1415 3750 1481 3798 ut
1519 3736 1738 3799 Christi
1787 3743 2016 3801 scritum
2067 3739 2322 3801 fraterne
2373 3750 2436 3805 et

194 3814 449 3877 comiter
486 3818 795 3899 excipiunt,
835 3817 1249 3895 declarantque
1288 3814 1606 3877 iucundum
1643 3814 1754 3875 sibi
1793 3836 1918 3878 esse
1957 3815 2079 3876 eius
2105 3815 2432 3875 adventum.

192 3892 393 3971 Atque
442 3890 583 3960 baec
632 3895 957 3957 moderatio
1006 3893 1104 3953 dili
1150 3904 1318 3952 enter
1362 3890 1538 3951 nobis
1587 3892 1867 3953 servanda
1919 3903 2033 3965 est,
2097 3909 2173 3951 ne
2212 3890 2434 3952 creduli

196 3966 439 4029 nimium
474 3972 650 4031 simus
690 3973 759 4033 ad
803 3988 999 4053 pravas
1039 3910 1385 4043 delationes,
1427 3968 1766 4049 praesertim
1803 3968 1907 4029 ubi
1943 3966 2282 4028 criminibus
2321 3986 2436 4027 no-

194 4044 287 4107 bis
326 4047 641 4131 incognitis
676 4048 769 4107 vel
812 4046 1001 4107 dubiis
1041 4056 1391 4117 onerantur,
1439 4046 1538 4127 qui
1587 4045 1895 4124 probitatis
1943 4064 2080 4103 suae
2138 4066 2164 4103 s
2210 4042 2436 4103 ecimen

196 4121 437 4201 aliquod
488 4124 657 4183 nobis
706 4124 1022 4199 dederunt,
1075 4134 1135 4181 et
1175 4138 1320 4201 quos
1372 4123 1593 4201 experti
1643 4144 1835 4181 sumus
1883 4117 2136 4179 fideliter
2233 4120 2442 4181 omino

196 4198 448 4259 servire:
488 4198 622 4279 quia
664 4198 804 4259 nihil
843 4200 913 4261 ad
952 4198 1084 4259 dissi
1130 4198 1341 4259 andum
1384 4198 1604 4258 Christi
1643 4218 1886 4279 reguum
1925 4194 2114 4276 aptius
2155 4198 2285 4256 sore
2325 4218 2438 4257 no-

196 4274 529 4351 vit‘Satan‚
572 4297 743 4356 quam
784 4276 1035 4336 fidelium
1116 4274 1305 4336 issidia
1343 4286 1404 4335 et
1442 4274 1792 4351 simultates,
1826 4270 2100 4351 obliquos
2138 4294 2444 4337 sermones,

202 4364 323 4411 non
386 4351 599 4414 desinit
646 4372 950 4437 spargere,
1010 4352 1109 4437 qui
1154 4350 1301 4414 alios
1353 4350 1477 4413 aliis
1527 4350 1774 4413 invicem
1827 4359 2128 4432 suspectos
2174 4350 2440 4417 reddant.
