2788 4713
1029 260 1185 325 car
1195 260 1306 323 u'r
1351 261 1513 323 xw.
1936 252 1971 261 ”
2286 272 2401 335 277

135 405 258 467 hoc
299 404 436 466 zelo
477 401 772 495 praeditos
809 401 1088 483 imprimis
1117 404 1415 468 Ecclesiae
1452 405 1725 470 doctores
1764 426 1887 469 esse
1924 396 2183 491 oportet,
2218 428 2397 475 nemo

129 492 342 541 tamen
383 491 476 541 est
559 500 780 554 uorum,
826 482 930 559 qui
967 501 1090 541 non
1139 482 1354 543 aeriter
1391 482 1807 545 excandescere
1847 484 2097 562 debeat,
2136 487 2239 548 ubi
2275 489 2393 550 Dei

131 556 366 619 cultum
451 556 508 617 ol
537 556 595 616 ui
632 556 791 619 videt
835 568 936 617 aut
981 555 1096 616 alio
1135 557 1467 633 transferri,
1514 558 1650 639 quia
1688 560 1761 617 de
1801 561 2070 623 omnibus
2108 566 2391 644 scriptum

125 645 264 771 :3⁸ss3
303 634 890 788 {eisarflzt‘zzp‘z'ss
893 625 2389 783 ‘miffm233302‘3’:2⁰ss02W5312¹52³02³‘8:5„¹2‘²23{1212

131 786 486 847 circumdati
540 797 850 865 tantopere
892 782 1284 847 idololatriam
1333 784 1650 847 abominati
1702 799 1869 861 sunt,
1962 788 2173 849 naliter
2208 790 2390 855 hodie

129 860 392 923 affectos
434 882 556 923 esse
597 874 858 942 putamus
907 871 1106 921 exutos
1157 862 1320 921 omni
1369 862 1559 923 carnis
1606 862 1863 923 affectu?
1960 866 2153 931 'orum
2192 869 2385 930 nomi-

127 937 316 997 nibus
356 948 418 999 et
495 937 716 999 ersonis
756 957 934 1015 quum
973 936 1234 997 abutitur
1268 938 1518 999 mundus
1570 938 1641 999 ad
1673 960 1845 1005 ‚suam
1889 942 2388 1021 superstitionem,

126 1024 370 1150 §ratum
419 1014 456 1073 il
483 1015 532 1077 is
579 1012 836 1074 officium
878 1032 1001 1075 esse
1049 1012 1162 1074 sibi
1201 1014 1543 1093 persuadet,
1590 1014 1697 1077 sed
1746 1034 2105 1097 magnopere
2144 1017 2383 1081 fallitur.

194 1090 324 1149 rimi
363 1090 516 1150 enim
557 1100 761 1151 contra
809 1111 942 1149 suos
982 1088 1235 1151 cultores
1283 1090 1590 1171 insurgent
1640 1110 1707 1150 ac
1756 1112 1821 1151 re
1874 1093 1996 1171 ipsa
2048 1092 2395 1170 ostendent,-

125 1165 288 1229 nibil
323 1166 432 1227 sibi
471 1186 724 1246 unquam
753 1164 932 1245 pluris
965 1164 1165 1240 fuisse,
1247 1186 1374 1225 uam
1410 1178 1478 1227 ut
1512 1167 1745 1259 integer
1780 1169 1883 1228 uni
1914 1168 2049 1229 Deo
2085 1190 2226 1231 suus
2254 1171 2381 1231 cul-

123 1254 230 1305 tus
267 1254 514 1303 maneat.
574 1242 746 1331 A‘ssst
779 1240 937 1321 quod
977 1240 1089 1301 illis
1129 1186 1286 1303 uuna
1316 1253 1513 1321 potest
1548 1264 1736 1303 maior
1770 1245 1984 1305 iniuria
2018 1244 2167 1321 fieri,
2207 1268 2379 1326 quam

120 1319 240 1381 ubi
277 1318 477 1380 bonor
508 1318 646 1380 Deo
685 1327 921 1397 ereptus
959 1318 1019 1377 in
1061 1337 1160 1378 eos
1197 1318 1573 1379 transfertur:
1632 1320 1791 1400 quod
1831 1321 1958 1381 fieri
1995 1340 2232 1381 necesse
2270 1333 2381 1399 est,

117 1394 370 1457 simulac
410 1395 668 1455 divinum
706 1393 820 1457 illis
857 1392 1073 1473 aliquid
1112 1394 1433 1477 affingitur.
1509 1396 1691 1469 Quod
1730 1410 1927 1457 narrat
1964 1397 2185 1469 Lucas,
2224 1398 2383 1460 Pan·

119 1472 254 1533 lum
307 1483 367 1531 et
407 1471 738 1532 Barnabam
781 1481 969 1530 vestes
1015 1492 1143 1531 suas
1189 1470 1502 1545 lacerasse,
1558 1472 1691 1533 satis
1740 1492 1809 1533 ex
1866 1473 1991 1535 aliis
2040 1471 2381 1554 Scripturae

115 1549 280 1609 locis
327 1554 516 1628 patet,
567 1567 794 1609 morem
839 1544 996 1605 bunc
1047 1556 1110 1605 et
1156 1547 1330 1607 ritum
1376 1546 1438 1606 in
1490 1548 1787 1609 communi
1837 1548 2015 1610 fnisse
2062 1571 2170 1610 usu
2220 1552 2385 1632 apud,

121 1624 500 1698 orientales,
529 1624 778 1715 ‘quoties
815 1621 908 1683 vel
943 1634 1218 1704 magnum
1257 1642 1619 1710 moerorem,
1658 1623 1751 1685 vel
1790 1624 2236 1687 detestationem
2278 1647 2377 1688 ex·-

111 1697 2077 1859 23:353?:2¹:22¹T2‘5m'55222'zssg3232'32ssffissgffissbffieff
2103 1702 2375 1841 {⁵²⁰3}ss

113 1854 200 1915 ad
283 1854 572 1915 rimarium
623 1852 954 1941 ordinem,·
979 1871 1154 1931 quem
1199 1851 1459 1912 instituit
1506 1851 1769 1915 Christus
1817 1852 1881 1913 in
1928 1876 2028 1915 sua
2076 1854 2165 1915 Ec
2224 1856 2367 1916 esis:

165 1950 245 1991 na
272 1930 382 1989 iter
427 1929 640 1990 Paulus
685 1928 1090 1991 Andronicum
1138 1939 1200 1987 et
1244 1928 1474 1988 Iuniam
1532 1928 2055 2009 inter'Apostolos
2112 1931 2369 2011 insigues

114 1954 290 2070 Facit.
355 2005 616 2089 ,Proprie
666 2015 858 2064 autem
908 2001 1208 2082 loquendo
1245 2004 1405 2067 Evan
1451 2002 1647 2065 elistae
1694 2015 1862 2066 erant
1898 2027 2020 2067 non
2056 2006 2367 2087 Apostoli:

112 2082 240 2145 nisi
287 2082 442 2143 forte
493 2081 628 2163 quia
663 2079 848 2142 Paulo
883 2080 1110 2142 additus
1159 2092 1287 2141 erat
1331 2103 1403 2143 co
1451 2102 1559 2162 ega
1596 2081 1891 2143 Barnabas
1944 2094 2257 2163 utrumque
2302 2083 2367 2144 in

112 2160 254 2243 pari
303 2158 491 2220 officii
540 2158 724 2241 gradu
767 2156 1101 2233 statuimus,
1165 2157 1243 2220 ita
1289 2158 1565 2240 Apostoli
1616 2157 1819 2220 titulus
1864 2178 2002 2221 vere
2056 2160 2119 2221 in
2176 2160 2365 2242 ipsum

115 2258 258 2300 com
301 2247 441 2295 etet.
2150 2270 2157 2279 ·

259 2259 370 2380 1³5.
435 2310 600 2392 ἵεντ’,
638 2330 745 2376 cur
777 2304 916 2370 baec
935 2311 1187 2391 facitis?
1245 2308 1545 2392 Incipiunt
1581 2310 1653 2372 ab
1694 2310 1871 2372 ohiur
1910 2312 2127 2386 atione,
2164 2320 2231 2372 ut
2267 2331 2373 2374 res-

113 2389 432 2472 posccbat:
472 2387 686 2449 deinde
721 2387 1042 2448 ostendunt
1079 2407 1356 2466 quorsum
1398 2387 1614 2447 fuerint
1649 2388 1823 2448 missi.
1932 2400 2095 2462 ostca
2118 2387 2373 2448 concio-

113 2479 340 2528 nantur
379 2465 453 2526 de
487 2465 666 2525 unico
705 2463 874 2538 Deo,
927 2475 988 2522 et
1028 2467 1349 2524 admonent
1384 2464 1573 2543 ipsum
1614 2463 1789 2526 fuisse
1825 2463 2046 2526 mundo
2087 2463 2359 2553 incogni-

111 2554 280 2603 tum:
345 2553 644 2621 postremo
681 2561 800 2620 quo
848 2539 1058 2600 fortius
1097 2561 1166 2600 ex
1201 2539 1477 2600 cordibus
1526 2537 1777 2598 evellant
1822 2538 2037 2598 diaboli
2084 2537 2359 2614 fallacias,

115 2619 350 2680 docent
403 2618 760 2678 excusatione
820 2632 1018 2677 carcre
1080 2616 1228 2676 banc
1281 2614 1691 2696 ignorantiam.
1789 2614 2097 2674 Prima·er
2140 2635 2177 2674 o
2224 2635 2355 2694 pars

115 2693 434 2756 concionis
475 2704 560 2754 est
593 2692 963 2774 obiurgatio,
1051 2692 1125 2754 'ua
1165 2692 1513 2752 damnantur
1550 2690 1919 2772 Lystrenses,
1968 2712 2087 2772 quo
2166 2689 2359 2751 homi-

113 2792 228 2833 nes
283 2767 556 2830 mortales
605 2780 981 2850 praepostere
1085 2770 1139 2830 ei
1191 2769 1326 2828 loco
1376 2768 1643 2828 adorent.
1731 2766 2081 2846 Quanquam
2128 2766 2357 2827 videtur

114 2846 336 2930 frigida
387 2866 542 2918 esse,
599 2865 746 2925 quac
805 2845 878 2906 ab
939 2845 1076 2925 ipsis
1133 2844 1380 2905 affertur
1438 2844 1619 2906 ratio:
1677 2843 1812 2902 inde
1864 2843 2017 2904 enim
2070 2842 2353 2924 colligere

113 2933 454 3014 promptum
495 2921 682 2996 soret,
729 2941 850 2981 non
891 2941 1016 2982 esse
1053 2921 1318 2982 illicitum
1359 2940 1563 2981 eorum
1604 2920 1855 2994 cultum,
1905 2939 2051 2999 quos
2089 2919 2353 2982 humanis

115 2999 364 3061 miseriis
402 3019 558 3060 mors
598 2998 822 3060 exemit.
879 2998 1013 3058 Hoc
1049 2997 1230 3059 modo
1267 2997 1518 3058 intactae
1548 3008 1771 3058 starent
1842 2997 2059 3056 entium
2090 2995 2351 3058 omnium

111 3076 594 3214 :zgssrsseiiieiaeeoe’
612 3073 2028 3214 hanffsmiztgfflegglnoppnpggmidxffighstpgssua
2035 3072 2351 3229 1¹:325?ssss

112 3240 354 3302 carnut,
414 3229 512 3308 qui
561 3239 926 3288 mortuorum
975 3247 1134 3301 ossa,
1193 3227 1413 3309 lignum
1462 3219 1533 3287 'et
1588 3226 1808 3306 lapides
1899 3225 2051 3288 otius
2101 3224 2351 3286 adorant

111 3327 290 3442 33¹1„
305 3303 488 3440 :1³:²3
525 3301 1981 3442 ‘2223333‘22120335303⁸3⁰¹tffssxeuss²¹¹ss1¹3
2014 3299 2352 3440 &33⁸2ss

111 3477 242 3517 mus
282 3401 576 3517 hominespz
614 3455 758 3518 falso
797 3455 978 3538 igitur
993 3402 1076 3516 ¹:et
1109 3455 1360 3515 absurde
1396 3400 1613 3537 affigitis
1652 3421 1969 3528 esse'dcom
2010 3449 2347 3534 et'pro-diis

111 3532 324 3594 colitis.
413 3532 476 3594 Si
515 3531 576 3592 in
616 3550 834 3614 genere
873 3531 946 3592 de
983 3530 1308 3592 idololatria
1345 3543 1662 3606 tractetur,
1712 3530 1855 3592 baec
1906 3531 2019 3592 erit
2064 3549 2141 3611 pe
2214 3541 2347 3595 etna

113 3608 236 3669 eius
275 3608 630 3668 damnandae
678 3609 825 3670 ratio
877 3619 942 3669 et
981 3607 1105 3668 sola
1155 3605 1386 3666 abunde
1436 3605 1719 3683 sufficiet,
1764 3605 2055 3672 Decumi
2100 3627 2165 3670 so
2208 3607 2347 3668 dnm

113 3681 318 3746 deberi
367 3684 596 3764 pietatis
645 3686 894 3760 cultum,
951 3684 1204 3762 ideoque
1261 3681 1559 3762 profanari
1615 3683 1853 3744 simulac
1896 3683 2173 3746 creaturis
2228 3680 2345 3742 ulla

111 3777 180 3820 ex
217 3773 383 3842 parte
419 3760 718 3834 tribuitur,
751 3761 872 3823 sive
908 3760 1100 3841 angeli
1137 3758 1273 3833 sint,
1311 3758 1428 3818 sive
1459 3756 1723 3820 homines
1778 3760 1901 3822 sive
1936 3759 2155 3822 stellae.
2223 3757 2347 3818 Sed

112 3836 344 3897 occasio
381 3857 556 3917 saepe
596 3837 778 3915 feret,
825 3850 892 3899 ut
925 3835 1106 3898 multa
1143 3835 1206 3894 in
1243 3835 1491 3914 speciem
1532 3857 1704 3899 unam
1738 3835 2107 3898 idololatriae
2146 3833 2345 3902 dican-

111 3921 244 3988 tur,
299 3933 448 3992 quae
485 3913 608 3975 aliis
645 3933 770 3976 non
807 3913 1195 3986 conveniant,
1247 3923 1310 3972 et
1352 3922 1547 3972 tamen
1599 3910 1673 3972 ad
1720 3931 1945 3976 cansam
1980 3919 2343 3992 praesentem

113 4005 234 4048 non
275 4009 478 4070 parum
516 3987 810 4052 valebunt:
851 3985 1332 4070 quemadmodum
1367 3985 1581 4048 Paulus
1619 4000 1681 4049 et
1716 3988 2041 4058 Barnabas,
2078 3984 2365 4045 homines·

111 4079 174 4120 se
213 4065 453 4126 fatendo
491 4067 778 4128 aerumnis
817 4062 986 4126 variis
1021 4062 1304 4125 obnoxios
1355 4075 1545 4146 aptam
1580 4066 1871 4128 rationem
1906 4061 2199 4124 habebant
2234 4077 2341 4122 co·-

111 4141 410 4220 arguendo
451 4141 650 4220 populi
691 4141 893 4202 furori.

257 4215 694 4278 Amanum
726 4213 896 4278 uobis.
973 4214 1397 4296 Argumentum
1447 4236 1478 4277 a
1531 4212 2013 4306 repugnantibus:
2066 4231 2199 4273 nam
2246 4209 2342 4272 bic

115 4291 430 4354 ostendunt
477 4315 716 4382 prorsus
767 4292 1052 4354 diversum
1105 4289 1276 4374 fuisse
1313 4291 1597 4352 adventus
1643 4313 1729 4353 sun
1766 4291 1975 4362 finem,
2022 4301 2089 4350 ut
2136 4310 2203 4350 su
2246 4307 2341 4348 er-

117 4365 382 4430 atitiones
417 4367 643 4432 scilicet
679 4368 984 4444 mouerent,
1032 4389 1182 4449 quae
1225 4367 1501 4432 hacteuus
1552 4378 1843 4449 grassatae
1878 4365 2125 4430 fuerant.
2252 4386 2343 4426 er·
