2788 4713
361 306 480 370 18⁰
1151 297 1243 361 IN
1280 295 1508 361 ACTA
1542 295 1835 362 APOST.

359 445 483 508 Dei
519 453 787 506 armatus.
847 441 929 505 Et
967 439 1086 510 duo
1117 443 1363 524 ‘quidem
1401 441 1851 526 comprehendit
1886 441 2102 506 Lucas:
2140 437 2387 504 Paulum
2428 437 2630 520 dispu-

317 523 546 584 ‘tando
595 521 681 584 ita
731 520 906 582 fuisse
955 521 1237 582 victorem
1294 533 1361 582 ut
1413 521 1665 580 Iudaeos
1714 518 2123 594 labefactaret,
2166 527 2378 611 neque
2428 527 2633 578 tamen

365 601 611 660 fractam
650 599 735 659 sic
772 619 838 657 ac
871 597 1149 658 domitam
1189 597 1364 658 fuisse
1404 617 1609 672 eorum
1644 595 2047 676 pervicaciam,
2084 609 2151 656 ut
2178 593 2408 655 veritati
2448 595 2633 654 cede-

365 687 527 736 rent:
609 675 702 734 uia
737 673 892 734 intus
925 673 1304 734 nihilominus
1331 668 1759 732 tumultuantur
1791 693 1997 737 eorum
2031 671 2424 734 conscientiae
2459 681 2520 729 et
2554 669 2633 728 de

412 697 770 813 raduti'alsae
797 749 1095 831 opinionis
1128 749 1337 809 deiecti
1363 747 1615 808 -Cliristo
1652 768 1714 810 se
1748 750 1987 809 minime
2018 749 2387 810 submittunt.
2448 746 2633 805 Unde

407 849 512 890 aec
550 825 736 888 Paulo
771 827 1021 887 victoria
1059 826 1172 886 nisi
1213 826 1346 906 quia
1393 824 1479 885 illi
1520 825 1821 906 Scriptura
1858 823 2086 908 gladius
2125 824 2270 886 fuit?
2344 821 2633 896 Proinde,

365 904 600 986 quoties
641 903 714 964 ad
747 924 781 963 o
831 903 1194 986 pugnandam
1233 911 1455 962 rectam
1494 901 1669 961 fidem
1708 903 2021 984 insurgunt
2052 899 2354 974 haeretici,
2396 900 2633 980 quoties

363 981 531 1064 impii
569 979 782 1041 conve}
805 1000 904 1040 ere
949 990 1133 1038 totam
1175 979 1451 1058 pietatem
1490 977 1845 1054 moliuntur,
1905 977 2137 1058 quoties
2188 975 2484 1038 obstinate
2532 995 2631 1036 re-

364 1061 576 1120 sistunt
621 1055 904 1138 improbi,
951 1055 1091 1114 hinc
1137 1053 1392 1134 petenda
1444 1074 1569 1115 esse
1618 1075 1773 1115 arma
1821 1055 2275 1115 meminerimus.
2354 1053 2635 1132 Papistae

363 1136 501 1217 quia
533 1131 686 1194 nihil
725 1151 1017 1193 armorum
1056 1130 1116 1189 in
1160 1129 1290 1190 Scri
1332 1143 1463 1192 tura
1502 1131 1839 1212 reperiunt,
1885 1131 2005 1191 imo
2054 1132 2235 1211 ipsam
2286 1140 2473 1188 totam
2514 1128 2633 1188 sibi

361 1213 665 1274 adversam
715 1228 838 1268 esse
887 1207 1124 1282 vident,
1175 1152 1529 1300 confugiunt
1576 1207 1649 1268 ad
1694 1207 1970 1268 miserum
2019 1207 2135 1268 hoc
2184 1205 2436 1287 asylum,
2488 1205 2633 1264 Non

359 1307 492 1350 esse
532 1283 940 1366 disputandum
981 1303 1112 1344 cum
1151 1281 1460 1345 haereticis
1510 1293 1570 1344 et
1615 1303 1684 1343 ex
1721 1283 2026 1364 Scriptura
2067 1281 2211 1344 nihil
2250 1294 2414 1344 certo
2456 1299 2634 1362 posse

359 1362 557 1426 statui.
648 1360 830 1440 Atqui
876 1358 926 1420 si
965 1358 1148 1420 verbo
1199 1359 1376 1442 gladii
1428 1359 1743 1421 conficitur
1789 1359 1969 1420 Satan
1998 1359 2175 1440 ipse,
2228 1379 2334 1419 cur
2378 1379 2505 1418 non
2558 1357 2635 1416 ad

361 1435 763 1522 profligandos
805 1435 1133 1502 haereticos
1170 1435 1427 1498 valebit?
1486 1457 1610 1497 non
1664 1435 1825 1518 quod
1878 1455 2079 1496 manus
2130 1436 2337 1496 daturi
2369 1436 2489 1495 sint
2534 1433 2635 1494 vel

362 1512 749 1604 obstrependi
788 1512 964 1572 finem
1005 1511 1250 1586 facturi,
1301 1513 1405 1573 sed
1452 1514 1591 1593 quia
1640 1514 1700 1573 in
1749 1533 1813 1574 se
1862 1513 1997 1594 ipsis
2038 1511 2291 1574 convicti
2330 1510 2633 1572 iacebunt.

323 1589 600 1665 'Quodsi
659 1587 809 1649 lianc
871 1588 1378 1668 perturbationem
1442 1590 1707 1670 cupimus
1766 1589 2065 1674 effugere,
2141 1609 2219 1649 ne
2290 1607 2633 1648 moveamus

363 1666 478 1758 ipsi
524 1663 725 1726 turbas
774 1677 982 1726 contra
1032 1664 1259 1739 Deum,
1291 1666 1413 1730 „sed
1462 1677 1770 1726 mansueto
1821 1678 1884 1726 et
1929 1665 2164 1747 placido
2214 1662 2427 1746 spiritu
2474 1663 2637 1724 reci·

361 1737 624 1824 ptamus9⁸
668 1763 842 1821 quam
884 1739 1060 1802 nobis
1099 1741 1404 1822 Scriptura
1444 1762 1648 1823 pacem
1688 1743 1895 1803 offert.-

513 1825 614 1884 23.
695 1817 887 1902 Quum
942 1815 1066 1876 dies
1118 1818 1461 1894 complures.
1551 1818 1907 1900 Complures
1971 1817 2098 1879 dies
2160 1817 2388 1900 elapsos
2451 1813 2637 1877 fuisse

361 1906 593 1970 narrat,
645 1905 714 1954 ut
761 1895 1008 1954 sciamus
1057 1907 1401 1955 concessum
1438 1893 1625 1956 Paulo
1676 1893 1962 1975 temporis
2008 1895 2260 1976 spatium
2312 1913 2431 1976 quo
2528 1913 2635 1953 ro-

359 1971 575 2032 desset.
645 1969 936 2048 'Quamvis
990 1969 1144 2029 enim
1193 1971 1280 2031 illi
1325 1973 1521 2032 statim
1566 1991 1600 2032 a
1639 1971 1833 2052 primo
1884 1971 1980 2032 die
2028 1971 2355 2032 restiterint
2400 1970 2475 2029 Iu
2518 1969 2636 2043 aei,

361 2068 489 2108 non
537 2058 736 2107 tamen
791 2047 944 2107 bene
995 2067 1104 2106 coe
1149 2056 1270 2108 tum
1321 2068 1555 2108 cursum
1604 2068 1803 2128 passus
1854 2060 1943 2108 est
1989 2048 2280 2110 Dominus
2338 2059 2458 2106 tam
2509 2046 2635 2108 cito

359 2123 661 2204 abrumpi:
713 2123 796 2184 sic
835 2121 1158 2182 admirabii
1197 2122 1445 2185 consilio
1488 2121 1745 2184 bostium
1786 2125 2029 2186 consilia
2067 2125 2343 2205 impedit,
2382 2134 2637 2184 conatus

359 2211 658 2274 moratur,
705 2198 981 2259 malitiam
1031 2210 1092 2258 et
1141 2199 1362 2260 rabiem
1414 2204 1687 2275 coiircet,
1736 2199 1929 2262 donec
1965 2200 2346 2284 Evangelium
2384 2218 2639 2279 promo—

357 2288 522 2340 veat:
571 2275 742 2336 simul
781 2275 1043 2336 videmus
1067 2275 1226 2356 quid
1265 2275 1441 2337 faciat
1476 2277 1740 2337 veritatis
1778 2277 1998 2338 odium.
2074 2276 2252 2359 Impii
2290 2275 2480 2351 enim,
2525 2275 2635 2336 ubi

359 2373 427 2416 se
466 2355 542 2414 im
590 2372 716 2413 ares
753 2352 825 2413 ad
863 2351 1250 2413 resistendum
1286 2353 1517 2429 vident,
1569 2352 1641 2416 ad
1689 2354 2118 2437 sanguinariam
2158 2354 2382 2417 rabiem
2426 2353 2633 2413 ferun-

359 2442 480 2492 tur.
593 2430 831 2491 ibenter
867 2441 1320 2491 contemnerent
1356 2431 1601 2491 verbum
1639 2430 1759 2490 Dei
1794 2432 1845 2492 si
1884 2443 2158 2513 possent,
2204 2431 2308 2491 sed
2390 2432 2487 2493 uia
2525 2450 2634 2490 co-

446 2518 587 2567 ntur
621 2506 808 2566 velint
843 2506 1042 2566 nolint
1078 2505 1204 2567 eius
1243 2508 1573 2587 potentiam
1608 2508 1860 2582 sentire,
1906 2520 2003 2568 tan
2052 2528 2185 2568 uam
2220 2506 2349 2569 rabi
2395 2527 2463 2568 ae
2501 2504 2635 2567 bel-

361 2526 714 2646 fiae-coeco
757 2593 818 2641 et
854 2583 1158 2663 praecipiti
1197 2583 1425 2665 impetu
1464 2594 1663 2645 ruunt.
1729 2583 1981 2666 Semper
2045 2606 2145 2645 ere
2182 2585 2249 2645 in·
2280 2584 2463 2645 talem
2500 2601 2635 2643 sae-

361 2660 568 2722 vitiam
606 2657 852 2719 ebulliet
889 2658 1350 2720 inconsideratus
1404 2660 1517 2719 aeli
1568 2660 1797 2736 fervor,
1848 2662 1961 2722 nisi
2008 2660 2277 2721 homines
2326 2680 2390 2721 se
2442 2659 2633 2720 verbo

361 2736 484 2798 Dei
523 2734 817 2817 regendos
853 2734 1107 2795 tradant.
1197 2736 1515 2797 Horrenda
1555 2737 1791 2817 quidem
1832 2749 1920 2798 est
1956 2738 2101 2799 haec
2142 2738 2413 2799 coecitas.
2504 2736 2637 2798 Cur

363 2813 522 2873 enim
561 2813 645 2871 ita
683 2810 1012 2883 insaniunt,
1061 2811 1172 2871 nisi
1221 2813 1357 2892 quia
1402 2812 1611 2874 vulnus
1660 2834 1868 2875 eorum
1916 2814 2293 2875 conscientiis
2339 2814 2635 2874 inflictum

363 2890 384 2949 i
428 2910 523 2949 sos
563 2886 886 2952 excruciat?
954 2886 1075 2945 Sed
1115 2888 1192 2949 ita
1234 2908 1443 2948 eorum
1480 2890 1820 2969 hypocrisin
1858 2890 2159 2952 ulciscitur
2194 2891 2377 2967 Deus,
2418 2888 2637 2970 quibus

363 2966 386 3025 i
430 2982 501 3023 eo
557 2962 762 3041 odiosa
810 2973 900 3021 est
947 2984 1080 3023 sana
1126 2962 1370 3045 religio,
1421 2967 1555 3045 quia
1602 2968 1864 3029 tenebris
1913 2968 2083 3027 amici
2134 2967 2323 3027 lucem
2372 2966 2637 3049 fugiunt.

362 3040 648 3099 'Videmus
688 3048 992 3118 praeterea
1031 3058 1206 3116 quam
1243 3041 1501 3100 suaviter
1546 3043 1769 3121 quidvis
1814 3044 1929 3105 sibi
1976 3043 2324 3125 indulgeant
2374 3064 2513 3125 prae
2560 3064 2635 3105 0-

359 3114 506 3179 steri
547 3114 640 3175 isti
679 3112 928 3187 zelotae,
975 3134 1152 3205 quum
1193 3116 1374 3175 semel
1413 3117 1487 3176 ad
1524 3120 1988 3199 persequendam
2026 3122 2333 3182 veritatem
2372 3141 2476 3181 eos
2568 3140 2635 3180 a-

361 3205 468 3254 tan
505 3188 753 3271 impulit.
833 3186 1162 3251 Consilium
1202 3192 1359 3252 enim
1400 3192 1473 3252 de
1512 3196 1691 3256 caede
1734 3197 2018 3273 hominis,
2066 3198 2229 3279 quod
2276 3198 2470 3259 sciunt
2517 3217 2636 3256 ne-

365 3270 576 3331 farium
625 3286 781 3339 esse,
839 3268 988 3327 susci
1035 3287 1134 3327 ere
1181 3280 1376 3329 tamen
1429 3270 1541 3329 zeli
1588 3287 1892 3353 praetextu
1938 3294 2061 3335 non
2118 3270 2415 3334 dubitant:
2478 3274 2638 3333 sicut

363 3346 545 3407 bodie
595 3343 864 3423 Papistae
924 3288 1070 3404 nibil
1132 3364 1256 3405 non
1317 3344 1429 3405 sibi
1480 3345 1660 3408 licere
1708 3351 1962 3425 ducunt,
2020 3350 2203 3412 modo
2257 3351 2635 3435 exstinguant

361 3418 670 3515 Evangelii
717 3418 1072 3481 doctrinam:
1125 3442 1250 3483 non
1297 3420 1461 3483 ferro
1508 3435 1737 3488 tantum
1789 3428 2066 3492 audacter
2113 3439 2475 3509 grassantur,
2522 3426 2635 3488 sed

365 3498 624 3571 insidiis,
711 3495 913 3555 erfidia
965 3510 1026 3559 et
1063 3497 1191 3579 plus
1233 3520 1403 3578 quam
1444 3502 1803 3564 exsecrandis
1843 3504 2063 3564 artibus
2101 3524 2212 3565 nos
2247 3504 2497 3585 perdere
2534 3524 2633 3565 sa-

363 3586 592 3658 tagunt.
701 3572 738 3633 d
777 3592 854 3632 ne
894 3573 1066 3636 nobis
1109 3578 1338 3636 eveniat
1375 3578 1569 3657 primo
1611 3580 1930 3639 cavendum
1972 3592 2079 3655 est,
2117 3599 2195 3642 ne
2232 3581 2465 3642 tuendis
2502 3600 2635 3642 ma-

363 3652 435 3713 lis
473 3649 659 3711 causis
697 3670 807 3709 nos
845 3649 926 3708 im
973 3650 1230 3728 licemus‚
1273 3653 1487 3714 deinde
1523 3666 1589 3713 ut
1618 3676 1815 3717 causas
1851 3676 2001 3737 quae
2034 3656 2229 3717 bonae
2264 3668 2441 3717 erunt
2472 3656 2635 3717 bene

364 3748 618 3813 agamus.
720 3725 914 3789 Proba
963 3726 1038 3787 ile
1095 3740 1290 3789 autem
1353 3742 1443 3790 est
1503 3728 1830 3794 clanculum
1896 3753 1999 3793 eos
2056 3734 2331 3797 struxisse
2390 3732 2632 3794 insidias

363 3804 576 3881 Paulo,
617 3803 828 3863 deinde
870 3824 1048 3883 quum
1091 3804 1196 3865 bac
1233 3807 1322 3866 via
1361 3806 1506 3869 nihil
1549 3808 1905 3888 proficerent
1986 3810 2214 3872 venisse
2263 3811 2335 3873 ad
2382 3810 2631 3871 Praefe-

366 3893 522 3945 ctum
561 3881 722 3941 urbis
764 3892 825 3939 et
859 3890 1008 3941 tunc
1043 3882 1262 3973 positas
1301 3884 1480 3943 fuisse
1520 3886 1581 3945 in
1618 3886 1805 3965 portis
1844 3852 2006 3948 urbis
2041 3886 2351 3963 custodias,
2391 3899 2458 3947 ut
2490 3907 2631 3946 eum

365 3958 572 4041 quov‘is
619 3956 802 4017 modo
851 3957 1289 4041 interciperent.
1375 3960 1523 4021 Nam
1562 3960 1777 4022 Paulus
1814 3964 2053 4024 Aretam
2105 3966 2333 4047 regium
2383 3964 2631 4025 Praefe-

365 4048 527 4098 ctum
565 4032 866 4095 mandasse
905 4047 1100 4094 narrat
1137 4034 1295 4115 quod
1336 4034 1432 4097 hic
1468 4038 1655 4099 Lucas
1696 4037 1925 4100 Iudaeis
1964 4040 2193 4101 tribuit.

501 4117 610 4183 ⁴25.
672 4110 970 4185 Discipnls*
987 4124 1153 4171 noete
1180 4126 1487 4187 (recemum.
1542 4115 1823 4176 Movetur
1846 4116 1939 4192 liic
1964 4118 2249 4199 quaestio,
2286 4115 2633 4177 Licueritne

365 4188 664 4268 discipulis
693 4186 936 4247 Paulum
978 4186 1092 4249 boc
1131 4190 1310 4249 modo
1351 4190 1618 4250 servare?
1666 4192 1829 4253 fasne
1868 4194 2041 4253 etiam
2076 4193 2262 4255 Paulo
2296 4192 2479 4253 fuerit
2510 4194 2629 4254 hoc

363 4264 546 4331 modo
597 4264 867 4345 effugere
915 4261 1276 4345 periculum?
1351 4266 1746 4349 Leges'enim
1786 4280 2017 4331 sanctos
2056 4290 2183 4331 esse
2220 4270 2456 4331 urbium
2496 4292 2629 4330 mu-

363 4360 464 4401 ros
516 4350 576 4399 et
663 4353 818 4401 ortas
874 4354 1099 4403 sanctas
1150 4362 1274 4403 esse
1315 4344 1726 4437 pronuntiant.
1827 4346 1991 4406 Mors
2042 4362 2075 4405 e
2106 4340 2115 4353 ⁸
2150 4368 2187 4407 o
2234 4350 2433 4429 potius
2484 4343 2628 4409 sub-

367 4416 559 4475 eunda
607 4362 722 4477 Kiit
771 4438 942 4499 quam
993 4430 1060 4480 ut
1109 4419 1336 4481 turbari
1381 4438 1485 4481 sna
1528 4440 1698 4484 causa
1734 4422 1955 4486 sineret
1990 4422 2112 4505 pub
2140 4426 2292 4485 icum
2332 4423 2627 4487 ordinem.
