2788 4713
245 1918 256 1925 “
327 1925 392 1977 et
429 1923 704 1975 occurrat
739 1910 1069 1973 exitialibus

320 248 438 309 214
585 186 598 197 ·
1115 238 1204 301 IN
1240 236 1471 302 ACTA
1504 234 1796 304 APOST.

324 398 441 461 est,
489 384 625 467 quia
671 402 972 465 nunquam
1017 379 1268 464 gentiles
1305 381 1597 446 Dominus
1637 378 1891 462 Spiritus
1944 378 2037 443 sui
2070 379 2271 463 gratiis
2310 378 2592 462 dignatus

326 473 510 537 esset,
561 462 672 525 nisi
709 472 776 523 ut
819 470 1098 523 testatum
1145 458 1318 521 fieret
1361 456 1516 539 ipsas
1553 477 1811 539 quoque.
1836 456 1903 517 in
1942 454 2201 518 foederis
2238 456 2593 519 societatem

325 550 632 619 cooptatas
689 558 834 609 esse.
931 535 1242 597 Disserunt
1295 536 1534 615 quidem
1586 554 1619 595 a
1668 532 1851 616 gratia
1913 553 1946 594 r
2023 531 2379 595 encrationis
2438 532 2595 595 baec
2669 532 2685 537 ”

325 616 512 693 dona,
562 635 816 696 quorum
865 613 1132 675 meminit
1177 612 1399 673 Lucas:
1444 610 1685 671 minime
1730 620 1929 670 tamen
2014 609 2219 671 ubium
2268 620 2393 687 est,
2440 610 2595 690 quin

324 692 488 753 Deus
537 692 652 751 boc
695 690 878 753 modo
929 688 1330 772 obsignaverit
1380 699 1509 749 tum
1554 686 1721 747 Petri
1768 686 2132 761 doctrinam,
2187 697 2315 747 tum
2374 704 2593 749 eorum

325 769 428 849 qui
475 768 780 829 audierant
828 766 1002 827 fidem
1051 786 1118 827 ac
1167 766 1464 845 pietatem.
1567 762 1781 825 Onnes
1832 763 1877 823 S
1920 762 2057 825 iritu
2109 762 2358 823 donatos
2404 762 2593 823 fuisse

324 857 554 921 narrat,
615 843 787 907 sicuti
830 840 948 903 iain
993 852 1130 903 ante
1179 840 1455 915 vidimus,
1506 859 1713 903 omnes
1751 838 1825 900 ad
1902 837 2127 901 iacendi
2166 849 2229 899 et
2264 838 2595 911 obediendi

325 921 582 985 studium
637 920 920 981 animatos
979 916 1222 977 venisse.
1320 917 1457 979 Hoc
1508 928 1704 979 autem
1750 914 1983 978 visibile
2033 914 2367 997 symbolum
2414 914 2591 978 nobis

328 998 492 1077 quasi
533 1000 606 1058 in
655 994 852 1057 tabula
899 1002 1329 1085 repraesentat,
1393 1013 1569 1074 quam
1622 991 1823 1053 efficax
1870 992 1953 1053 sit
2002 990 2235 1054 divinae
2324 992 2595 1053 otentiae

325 1094 616 1156 organum
674 1070 974 1153 Evangelii
1033 1068 1414 1150 praedicatio.
1512 1068 1803 1145 Spioinm
1860 1068 2017 1129 enim
2082 1088 2250 1130 suum
2324 1080 2593 1149 oquente

323 1150 508 1211 Petro
549 1148 788 1222 effudit,
838 1158 904 1206 ut
939 1146 1283 1209 ostenderet
1317 1166 1381 1209 se
1420 1166 1543 1209 non
1583 1165 1659 1208 eo
1698 1145 1935 1207 mittere
1973 1144 2285 1221 doctores,
2322 1156 2394 1205 ut
2426 1146 2597 1207 inani

324 1227 488 1289 vocis
525 1226 720 1289 sonitu
757 1228 952 1285 aiirem
989 1220 1326 1297 verberent,
1363 1221 1470 1283 sed
1508 1233 1576 1282 ut
1610 1233 1894 1313 potenter
1930 1241 2041 1303 per
2076 1222 2339 1315 ipsorum
2375 1242 2593 1283 vocem

325 1314 644 1383 operetur,
691 1318 937 1377 eamque
977 1297 1230 1377 Spiritus
1277 1299 1368 1361 sui
1406 1298 1623 1359 virtute
1660 1320 1725 1358 in
1762 1296 2012 1379 salutem
2046 1316 2283 1379 piorum
2316 1296 2593 1361 vivificet.
2720 1322 2733 1337 ·

325 1377 665 1441 Secundum
731 1376 879 1438 banc
938 1380 1234 1435 rationem
1281 1374 1497 1437 Paulus
1546 1374 1779 1439 Galatis
1831 1374 1896 1435 in
1942 1375 2287 1436 memoriam
2338 1374 2595 1451 reducit,

369 1455 491 1515 uod
539 1452 824 1535 Spiritum
880 1463 1146 1513 sanctum
1207 1472 1278 1513 ex
1323 1451 1533 1513 auditu
1588 1450 1728 1530 fidei
1786 1451 2125 1532 acceperint
2218 1448 2351 1513 Gal.
2388 1452 2479 1531 3.)
2528 1464 2597 1515 et

325 1553 358 1592 a
383 1531 490 1607 ibi,
529 1550 593 1593 se
617 1528 950 1589 ministrum
971 1527 1228 1609 Spiritus
1266 1548 1392 1591 non
1430 1528 1637 1591 literae
1672 1546 1799 1591 esse
1834 1527 2139 1609 praedicat
2174 1532 2203 1607 (
2271 1570 2287 1587 .
2312 1527 2457 1589 Cor.
2478 1530 2593 1605 3.).

327 1608 649 1669 Cessaru‘nt
697 1604 936 1687 quidem
987 1604 1054 1668 in
1100 1604 1364 1667 Ecclesia
1422 1604 1539 1667 iam
1590 1604 1825 1686 pridem
1876 1604 2102 1665 donum
2146 1604 2481 1697 linguarum
2528 1617 2597 1669 et

325 1683 555 1765 reliqua
595 1683 720 1744 eius
759 1682 1027 1766 generis,
1063 1681 1170 1743 sed
1206 1682 1368 1765 viget
1414 1702 1485 1743 ae
1520 1700 1756 1761 semper
1788 1680 2015 1764 vigebit
2060 1680 2489 1763 intelligentiae
2528 1694 2596 1743 et

323 1759 790 1843 regenerationis
853 1757 1139 1839 Spiritus,
1205 1778 1385 1839 quem
1428 1758 1721 1820 Dominus
1786 1778 1919 1819 cum
1982 1768 2219 1818 externa
2285 1757 2597 1841 Evangelii

323 1836 764 1918 praedicatione
801 1835 1118 1917 coniungit
1195 1846 1265 1895 ut
1315 1854 1425 1897 nos
1472 1835 1536 1895 in
1573 1832 1741 1895 verbi
1790 1834 1881 1894 sui
1920 1833 2251 1895 reverentia
2288 1834 2598 1896 contineat

791 1992 794 1995 ἢ
1111 1878 1365 1986 deliriis‚
1415 1909 1628 1992 quibus
1674 1928 1739 1971 se
1790 1908 2031 1971 fanatici
2080 1910 2351 1971 homines
2398 1910 2595 1971 invol-

323 2000 490 2065 vunt,
530 1989 665 2049 dum
703 1989 914 2051 relicto
937 1988 1144 2049 Verbo
1181 2007 1390 2070 vagum
1416 1987 1615 2048 nescio
1656 2005 1833 2066 quem
1872 1998 1935 2048 et
1973 1987 2287 2047 erraticum
2322 1987 2595 2067 spiritum

325 2066 866 2156 comminiscuntur,
891 2142 906 2157 ·
945 2066 1260 2157 Caeterum
1299 2082 1705 2155 non-semper·
1734 2064 2063 2153 continget,
2102 2064 2441 2145 quicunque
2479 2062 2595 2155 bo·

325 2138 2595 2309 3:⁰233232tzssabsscfzgarssffizvffitfflffiuzitm-,stragia

325 2314 450 2358 uno
491 2314 784 2358 consensu
827 2292 1146 2358 voluntarii
1193 2295 1313 2355 sint
1363 2292 1438 2353 ad
1484 2292 1851 2374 sequendum
1889 2293 2105 2353 Deum.
2189 2292 2358 2355 Facit
2392 2305 2595 2354 tamen

326 2384 398 2512 gt
457 2371 646 2510 {st-1¹1?
703 2372 930 2510 {atrati
992 2383 1054 2510 qt
1109 2390 1353 2435 arcanae
1400 2370 1655 2454 Spiritus
1714 2371 1945 2436 virtutis
2004 2388 2355 2446 consensum
2417 2369 2595 2434 electi

371 2471 472 2510 mn
575 2473 596 2512 1
673 2471 702 2510 s
777 2471 803 2510 s
843 2471 894 2513 ιι,
931 2470 1004 2512 an
1033 2493 1049 2508 .
1235 2475 1254 2480 -

478 2531 575 2592 45.
658 2524 1087 2602 Obstupumw
1103 2522 1342 2605 fideles.
1442 2521 1677 2584 Fideles
1724 2533 1929 2598 vocat,
1988 2523 2091 2605 qui
2148 2535 2348 2584 tamen
2406 2543 2593 2605 pravo

329 2621 536 2664 errore
594 2603 784 2664 adbuc
839 2602 1273 2665 detinebantur.
1364 2602 1459 2664 Ita
1520 2599 1817 2662 Dominus
1876 2619 1999 2663 non
2060 2601 2257 2662 statim
2320 2600 2597 2663 omnibus

328 2679 349 2739 i
393 2679 698 2740 norantiae
737 2679 968 2744 nebulis
1003 2699 1143 2741 suos
1183 2677 1497 2761 abstergit:
1538 2696 1691 2756 quae
1727 2688 1923 2738 tamen
1952 2671 2101 2737 'fidei
2138 2677 2371 2738 laudem
2390 2697 2597 2740 coram

327 2699 467 2816 geo
509 2775 632 2816 non
671 2754 1024 2833 obscurant,
1081 2755 1216 2836 quia
1267 2753 1571 2817 erroribus
1620 2753 1935 2836 ignoscens
1969 2763 2071 2814 tan
2116 2775 2248 2814 uam
2286 2775 2493 2835 puram
2532 2765 2599 2816 et

329 2831 612 2912 liquidam
654 2830 854 2922 favore
873 2852 980 2894 suo
1007 2831 1296 2913 dignatur.
1369 2831 1591 2892 Mirum
1624 2842 1823 2892 tamen
1846 2842 1935 2892 est
1953 2775 2135 2910 quod,
2172 2851 2354 2910 quum
2372 2830 2599 2892 scirent

327 2907 574 2968 Petrum
615 2907 1159 3042 divinitusdmisspin
1199 2927 1355 2998 esse,
1418 2927 1575 2998 nun-c
1614 2907 1778 2998 quasi
1814 2907 1887 2967 ad
1939 2926 2063 2968 rem
2102 2927 2317 2968 novam
2352 2907 2601 2999 attoniti

331 2983 1670 3139 ‘ittam‘a32¹3023⁹¹22221²⁸v333032⁰22¹d
1696 2982 2301 3121 “1:2002255‘22352'
2312 2981 2599 3137 223332:

333 3135 495 3216 quod
591 3155 727 3195 uum
763 3133 928 3195 Deus
975 3135 1048 3196 ad
1099 3135 1263 3194 illum
1301 3153 1487 3214 usque
1527 3131 1683 3196 diem
1716 3146 1929 3216 gentes
1978 3148 2257 3217 tanquam
2298 3147 2602 3198 extraneas

335 3232 404 3271 ac
442 3231 553 3292 pro
583 3232 720 3272 anas
759 3231 792 3271 a
831 3210 1053 3292 populo
1093 3231 1200 3272 suo
1253 3221 1651 3292 segregasset,
1717 3231 1875 3273 nunc
1923 3212 2133 3272 eodem
2186 3212 2601 3275 favore'com-

332 3285 642 3421 plectitpr,
673 3297 754 3378 ‚et
791 3287 864 3427 lin
915 3287 1167 3347 eundem
1206 3285 1454 3353 honoris
1489 3366 1504 3381 ·
1538 3287 2007 3423 radluuipttollit.
2086 3289 2439 3381 Quanquam
2479 3287 2603 3352 boc

335 3383 540 3501 31:²3⁹
539 3384 1222 3512 etsfflsssm‘ssxe‘ssffia
1237 3364 2053 3504 ‘2:¹33‘ffi‘32m525.{¹‘;2223212
2080 3378 2384 3448 φημ’*
2424 3384 2603 3427 ”“““’”

445 3591 461 3607 ⁸
485 3522 581 3581 46.
657 3516 754 3576 A·
815 3521 830 3536 “
1029 3520 1181 3578 enim
1215 3520 1392 3594 ipsos·
1465 3517 1777 3598 Exprimit,
1814 3538 2103 3599 quaenam
2141 3517 2397 3600 Spiritus
2436 3517 2605 3581 dona

336 3591 400 3654 in
441 3591 574 3653 illos
615 3593 799 3655 effusa
837 3595 957 3655 sint
995 3607 1057 3654 et
1101 3594 1270 3656 simul
1317 3615 1488 3656 usum
1525 3605 1723 3658 notat:
1771 3614 1983 3677 nempe
2035 3596 2367 3680 linguarum
2405 3595 2605 3656 varie-

335 3680 458 3761 tate
511 3669 758 3732 donatos
821 3690 977 3746 esse,
1036 3684 1102 3732 ut
1139 3671 1335 3732 Deum
1385 3671 1651 3753 pluribus
1698 3669 1914 3754 linguis
1965 3672 2290 3734 celebrent.
2370 3668 2603 3756 colligi

313 3756 516 3829 'etiam
551 3758 754 3883 petes?
791 3767 860 3810 ex
898 3745 1012 3882 bloc
1053 3747 1222 3823 loco,
1263 3769 1384 3839 non
1426 3759 1675 3841 tantum„-
1694 3748 2029 3840 necessitati
2068 3750 2226 3841 datas
2256 3747 2443 3842 fuisse
2482 3749 2607 3810 lin-

379 3843 654 3959 ῑςξῆαἶιὲ
681 3824 2385 3994 0132⁰335⁰32÷ffi¹1¹⁸032ss3&‘lss’sfffiv'zssgssfflhx
2442 3847 2607 3964 ‹22⁸1ssss

339 3975 462 4039 Sed
519 3973 679 4039 hunc
723 3976 1042 4038 secundum
1087 3997 1257 4040 usum
1307 3989 1519 4057 postea
1557 3987 1826 4058 corrupit
1860 3979 2146 4055 ambitio,
2206 3999 2388 4060 quum
2428 3977 2609 4039 multi

337 4051 412 4112 ad
451 4055 908 4143 ostentationem
947 4065 1008 4112 et
1056 4073 1327 4146 pompam
1367 4053 1784 4128 transferrent,
1840 4055 1999 4149 quod
2040 4053 2415 4118 illustrandae
2454 4075 2607 4117 coe-

336 4126 501 4188 lestis
559 4131 886 4210 sapientiae
943 4130 1216 4214 dignitati
1279 4142 1660 4210 acceperant,
1720 4131 1892 4199 sicuti
1938 4133 2145 4194 vitium
2204 4131 2319 4193 boc
2384 4131 2610 4192 Paulus

337 4205 554 4267 acriter
603 4209 926 4268 insectatur
981 4205 1046 4266 in
1105 4205 1449 4270 Corinthiis.
1534 4207 1745 4287 Itaque
1804 4207 1951 4270 nibil
2010 4210 2263 4284 mirum,
2321 4209 2371 4268 si
2432 4209 2611 4271 Deus

261 4357 268 4366 .
338 4280 518 4448 ἓῗὲιὲἓ
555 4295 700 4422 {12²3
733 4281 1044 4350 abstulerit
1082 4281 1242 4366 quod
1286 4283 1560 4359 dederat,
1600 4303 1711 4346 uec
1750 4305 1947 4372 passus
1998 4285 2181 4349 fuerit
2214 4283 2411 4350 vitiari
2460 4285 2611 4346 lon-

701 4385 757 4426 u.
