2788 4713
351 220 470 288 472
701 264 718 279 .
1157 212 1246 273 IN
1284 208 1510 272 ACTA
1547 208 1837 271 Aros‘r.

355 358 480 423 effu
523 360 638 421 'um
675 356 898 437 fuerat,
953 356 1184 436 quietus
1219 366 1422 418 manet
1456 374 1570 415 nec
1606 355 1846 437 satagit,
1899 362 1995 439 ut,
2016 371 2081 413 se
2118 350 2194 411 ab
2217 348 2357 409 ·ino
2394 346 2641 439 laqueo

517 446 644 515 cet,
702 454 826 495 non
873 432 1054 495 modo
1111 432 1245 513 quia
1281 452 1375 493 res
1422 432 1534 491 iam
1572 452 1695 491 nou
1736 440 1861 493 erat
1904 430 2169 513 integra,
2226 425 2337 486 sed
2378 444 2537 507 qma
2576 445 2643 481 m

361 514 602 575 visione*
644 510 972 572 admonitus
1029 508 1252 587 suerat,
1324 528 1388 570 se
1444 506 1689 569 Romam
1764 526 2004 587 quoque
2068 503 2359 569 divinitus
2416 500 2645 564 vocari

351 591 558 671 (supra
591 594 692 665 23,
725 586 870 668 ιι.)
951 685 956 693 ¹

971 932 1574 1029 CAPUT
1685 930 2019 1021 XXVII.

534 1296 598 1367 1.
675 1299 1022 1385 Postquam
1073 1308 1284 1367 autem
1325 1296 1656 1367 decretum
1702 1306 1829 1373 est,
1885 1304 1959 1361 ut
2008 1313 2131 1364 nos
2170 1292 2643 1377 navigaremus

367 1399 444 1465 in
482 1398 759 1478 ltaliam,
809 1398 1214 1467 tradiderunt
1267 1408 1334 1466 et
1369 1398 1643 1465 Paulum
1686 1408 1753 1463 et
1792 1394 2105 1483 quosdam
2156 1392 2329 1459 alios
2376 1392 2639 1457 vinctos

371 1494 765 1565 Centurioni
801 1502 1066 1565 nomine
1107 1499 1309 1581 Iulio,
1360 1498 1644 1567 cohortis
1684 1499 2033 1585 Augustae.
2130 1496 2193 1561 2.
2234 1490 2639 1559 Conscensa

371 1608 586 1665 autem
625 1620 794 1665 nave
834 1598 1312 1685 Adramyttina,
1333 1658 1342 1671 ,
1361 1602 1721 1687 navigaturi
1760 1601 1932 1665 iuxta
1981 1595 2131 1661 loca
2171 1594 2377 1660 Asiae
2434 1590 2641 1657 solvi-

371 1720 534 1780 mus,
569 1710 1028 1788 perseverante
1067 1700 1408 1767 nobiscum
1448 1699 1819 1767 Aristarcho
1860 1696 2231 1766 Macedone
2274 1692 2641 1759 Thessalo-

367 1802 642 1868 nicensi.
717 1802 779 1867 3.
831 1801 1147 1891 Sequenti
1197 1810 1409 1869 autem
1454 1800 1563 1867 die
1606 1799 1965 1889 appulimus
2004 1796 2346 1873 Sidonem,
2412 1802 2487 1861 et
2532 1794 2639 1857 Iu-

370 1898 504 1967 lius
554 1892 917 1969 humaniter
968 1910 1234 1970 metato
1276 1900 1481 1969 Paulo
1524 1902 1843 1989 permisit,
1908 1909 1980 1965 ut
2031 1896 2119 1965 ad
2173 1898 2420 1963 amieos
2474 1916 2635 1981 pro-

373 2000 585 2069 fectus
623 2000 710 2068 ab
743 2001 879 2067 illis
921 2013 1272 2068 curaretur.
1349 2003 1413 2069 4.
1452 2002 1539 2068 Et
1576 2000 1732 2068 inde
1768 2022 1965 2088 quum
2006 1998 2441 2076 solvissemus,
2476 1993 2637 2061 sub-

373 2102 810 2187 navigavimus
847 2102 1021 2167 iuxta
1045 2100 1359 2188 Cyprum,
1399 2110 1746 2187 propterea
1772 2101 1953 2188 quod
1995 2111 2208 2166 essent
2244 2101 2431 2163 venti
2470 2118 2633 2163 oon·

375 2200 573 2265 uarii.
663 2200 726 2267 5.
773 2200 860 2266 Et
904 2198 1171 2288 pelagus
1213 2200 1394 2287 quod
1450 2209 1548 2267 est
1596 2212 1819 2269 contra
1862 2196 2155 2267 Ciliciam
2198 2208 2263 2282 et
2302 2196 2633 2284 Pamphy-

375 2294 530 2367 liam
573 2302 846 2394 emensi,
895 2304 1306 2389 pervenimus
1357 2302 1613 2391 Myram
1634 2352 1650 2383 ,
1701 2323 1866 2392 quae
1922 2311 2021 2368 est
2070 2301 2345 2387 Lyciae:
2428 2300 2491 2364 6.
2550 2298 2633 2364 Et

375 2397 479 2466 ihi
514 2413 740 2468 nactus
782 2400 1100 2471 Centurio
1142 2423 1371 2470 navem
1413 2403 1911 2472 Alexandrinam
1952 2405 2353 2488 navigantem
2398 2403 2471 2466 in
2514 2401 2633 2466 Ita-

369 2498 555 2581 liam,
593 2505 898 2591 imposuit
933 2522 1056 2569 nos
1097 2505 1169 2568 in
1212 2526 1371 2572 eam.
1454 2507 1511 2572 7.
1552 2505 1636 2572 Et
1671 2527 1866 2594 quum
1906 2501 2121 2568 multis
2160 2500 2397 2568 diebus
2444 2503 2633 2568 tarde

377 2604 844 2690 navigaremus,
881 2605 1113 2693 vixque
1137 2605 1620 2673 devenissemus
1647 2617 1871 2673 contra
1896 2603 2197 2682 Cnidum,
2232 2603 2634 2690 prohibente

379 2720 508 2768 nos
558 2714 784 2782 vento,
853 2701 1366 2792 adnavigavimus
1422 2706 1663 2774 Cretae
1720 2710 1895 2772 iuxta
1946 2704 2345 2771 salmonem:
2428 2707 2639 2779 Mt

381 2801 490 2866 vix
526 2805 1076 2894 praeterlegentes
1118 2828 1274 2887 eam,
1316 2810 1724 2893 pervenimus
1766 2810 1835 2874 in
1876 2803 2092 2874 locum
2135 2805 2483 2894 quendam,
2520 2809 2637 2895 qui

385 2913 655 2972 vocatur
693 2906 913 2976 Puleri
951 2908 1202 2987 Portus,
1246 2911 1354 2976 cui
1391 2909 1607 2977 vicina
1650 2907 1869 2976 civitas
1910 2907 2173 2986 Lasaea.

419 3241 438 3258 ο
464 3243 481 3260 ⁰
537 3173 596 3234 1.
669 3169 974 3264 Navigatio
1009 3171 1180 3236 Pauli
1233 3193 1266 3237 a
1300 3171 1465 3237 Luca
1510 3174 1684 3236 nobis
1730 3185 1998 3237 narratur
2046 3174 2162 3236 hoe
2198 3171 2448 3234 maxime
2483 3191 2633 3232 eou-

385 3239 522 3336 nhp
539 3287 562 3324 ,
607 3258 678 3308 ut
719 3269 966 3311 sciamus
1000 3249 1247 3314 Romam
1292 3249 1471 3314 fuisse
1514 3249 1860 3314 mirabiliter
1894 3250 2243 3336 perductum
2278 3249 2397 3310 Dei
2434 3269 2637 3323 mauu,

385 3328 450 3379 et
484 3340 552 3408 in
587 3322 718 3417 ipso
754 3325 967 3416 itinere
1002 3327 1198 3392 multis
1237 3327 1427 3390 modis
1472 3326 1755 3390 illustrem
1806 3329 2137 3410 apparuisse
2182 3328 2247 3386 in
2298 3329 2423 3386 eius
2462 3326 2638 3386 dietis

387 3403 464 3487 ‘f'
487 3395 656 3461 sactis
693 3400 808 3462 Dei
844 3401 1124 3486 gloriam,
1161 3424 1310 3486 quae
1346 3424 1438 3465 ma
1484 3404 1528 3466 is
1564 3426 1633 3467 ae
1671 3425 1762 3466 ma
1805 3405 1850 3466 's
1890 3407 2011 3466 eius
2049 3401 2461 3485 Apostolatum
2498 3424 2637 3464 sau-

385 3483 552 3536 caret.
629 3473 911 3540 Traditur
946 3479 1182 3559 quidem
1229 3481 1419 3542 ducen
1463 3501 1528 3541 us
1568 3501 1699 3542 cum
1750 3481 1876 3543 aiis
1910 3481 2151 3554 vinctis,
2194 3477 2299 3540 sed
2339 3479 2637 3540 Dominus

385 3550 840 3692 ἒὶΐῗὲἒωξὲξῗ.
868 3555 2223 3710 westsex?csszffl‘⁶⁰³5.:¹2³:⁰{‘3223
2288 3555 2641 3692 ‘¹:¹30‘oessss

387 3700 735 3792 videbimus,
772 3719 842 3768 ut
879 3727 1012 3768 eum
1051 3709 1350 3771 Tribunus
1399 3711 1581 3788 laxet,
1632 3721 1693 3770 et
1733 3710 1891 3790 quasi
1942 3709 2189 3800 libet-pm
2229 3651 2443 3768 hgbeat
2478 3653 2642 3768 ἔζων

387 3791 635 3844 vinctos.
711 3782 1041 3846 Cohortem
1080 3807 1252 3868 quam
1289 3799 1467 3848 vocet
1494 3787 1813 3870 Augustam
1834 3786 2024 3846 Lucas
2062 3785 2285 3862 nescio,
2328 3785 2437 3843 nisi
2474 3783 2641 3844 sorte

393 3875 544 3948 quae
580 3870 716 3920 ante
750 3860 1063 3923 Caesarum
1097 3863 1491 3924 monarchiam
1530 3863 1833 3924 Praetoria
1872 3861 2099 3923 solebat
2132 3861 2347 3924 vocari.
2426 3860 2638 3922 Nomi-

389 3945 573 4026 natum
609 3956 752 3996 vero
803 3937 946 4000 dicit
979 3939 1164 4000 Lucas
1212 3940 1274 3998 iu
1325 3959 1529 4000 navem
1567 3939 2031 4021 Adramyttiuam
2080 3937 2261 3998 fuisse
2304 3937 2641 4018 impositos,

391 4026 528 4088 quia
565 4013 696 4074 navi
739 4014 888 4074 aturi
924 4025 1092 4076 eraut
1128 4034 1314 4095 prope
1357 4015 1492 4078 litus
1514 4015 1864 4078 Asiaticum:
1907 4027 1996 4078 est
2032 4014 2191 4074 euim
2207 4011 2637 4094 Adramyttium

391 4084 534 4176 urlis
570 4087 700 4148 Aeo
731 4089 833 4149 ἐι.
907 4089 996 4150 Ex
1032 4111 1152 4171 quo
1199 4103 1394 4152 autem
1444 4103 1623 4173 portu
1667 4091 1973 4168 solverint,
2008 4089 2153 4152 mihi
2190 4091 2481 4154 incertum
2528 4099 2639 4162 est,

391 4177 530 4295 ἕξει
563 4175 726 4226 recta
761 4165 1051 4260 navigatio
1089 4187 1213 4227 non
1252 4166 1455 4230 fuisset
1490 4181 1686 4231 versus
1724 4167 2047 4243 Sidonem,
2090 4166 2205 4228 nisi
2238 4164 2491 4226 multum
2528 4161 2639 4223 sal-

493 4247 521 4296 t
562 4239 1024 4326 topograpliicaa
1066 4241 1326 4308 tabulae:
1377 4241 1701 4326 probabilis
1750 4255 1841 4310 est
1876 4243 2237 4322 coniectura,
2270 4241 2416 4305 illue
2460 4239 2641 4302 fuisse
