2788 4713
1092 225 1384 293 CAPUT
1417 226 1584 290 xm.
2335 236 2452 298 263

214 388 368 449 qnae
424 365 605 429 semel
666 374 871 429 eorutn
920 367 1181 460 patribus
1225 368 1448 433 inflicta
1509 370 1621 431 fuit
1704 372 2212 454 contemptoribus
2257 370 2446 435 Verbi

214 462 587 507 communem
636 463 791 518 esse,
838 466 952 507 acsi
1014 445 1267 521 diceret,
1312 446 1478 509 Deus
1521 445 1601 508 ho
1643 448 1698 525 ie
1747 468 1872 508 non
1907 450 2146 511 minoris
2183 451 2448 515 aestimat

213 518 461 581 verbum
486 540 675 596 suum,
712 521 873 581 cuius
894 532 1299 601 contemptum
1333 522 1516 585 semel
1552 535 1672 584 tam
1707 542 1908 585 severe
1944 526 2096 588 ultus
2119 538 2222 587 est.
2279 527 2444 610 Ergo

215 594 552 676 Prophetae
590 594 953 659 denuntiatio
992 596 1064 657 ad
1106 618 1311 659 omnes
1348 612 1566 661 aetates
1603 600 1877 679 pertinet,
1913 621 1988 661 ne
2023 613 2264 681 sperent
2297 624 2446 664 con·
2551 605 2556 613 ‘

220 683 575 752 temptores,
621 692 685 733 se
786 694 913 733 uam
963 672 1061 733 alii
1108 674 1331 754 experti
1366 686 1503 735 sunt
1537 675 1846 736 vindictam
1896 696 2067 757 posse
2102 699 2258 738 nunc
2296 678 2448 739 effn—

218 768 383 885 pere.
462 694 891 838 superbiebant
922 749 1167 840 templo,
1200 749 1495 812 iactabant
1529 771 1592 811 se
1631 772 1756 813 esse
1777 752 1894 839 Dei
1919 772 1998 831 po
2043 752 2223 826 ulum,
2257 754 2442 833 impio

246 835 375 885 astu
413 822 545 883 elau
600 824 953 904 spernebant
998 847 1179 887 minas
1226 846 1450 889 omnes.
1524 827 1688 910 Ergo
1726 826 1938 889 Paulus
1977 828 2090 889 ilis
2127 829 2188 889 in
2226 850 2448 891 memo-

220 901 371 961 riam
411 898 661 975 reducit,
708 900 851 981 quid
889 901 1051 963 Deus
1098 921 1206 982 per
1240 902 1568 985 Prophetas
1617 924 1756 965 suos
1792 904 2294 986 contemptoribus
2333 906 2444 967 mi-

222 988 417 1039 netur.

578 1055 643 1111 in
674 1048 873 1113 diebus
902 1056 1118 1114 vestris.
1194 1052 1414 1115 Sensus
1453 1066 1560 1129 est,
1599 1054 1724 1129 Qui
1762 1054 1878 1115 Dei
1912 1054 2095 1117 verbo
2135 1054 2310 1117 fidem
2345 1054 2448 1117 ha-

220 1128 365 1191 bere
445 1140 728 1190 etrectant
772 1150 1004 1191 manum
1042 1129 1169 1195 eius
1204 1135 1507 1206 sensuros,
1555 1143 1624 1191 ut
1657 1131 1894 1192 tandem
1941 1132 2148 1211 poenis
2196 1132 2450 1193 convicti

216 1205 377 1267 serio
422 1203 729 1284 loquutum
774 1224 900 1266 esse
946 1218 1279 1287 agnoscant.
1355 1206 1598 1289 Vulgari
1689 1207 1962 1269 roverbio
2005 1207 2244 1283 dicitur,
2287 1205 2452 1269 Stul-

215 1296 413 1343 torum
457 1280 885 1361 experientiam⁸
910 1300 1035 1341 esse
1080 1282 1428 1363 magistram.
1516 1284 1617 1343 Sic
1714 1283 1942 1344 ominus
1977 1304 2044 1343 re
2081 1284 2203 1363 ipsa
2239 1284 2454 1365 impios

216 1356 508 1439 coarguit,
543 1368 611 1416 ut
647 1355 809 1417 malis
850 1354 1053 1417 domiti
1091 1360 1213 1419 eius
1232 1359 1504 1419 virtutem
1543 1359 1708 1422 fateri
1743 1358 2042 1449 incipiant.
2117 1358 2312 1434 Quale
2350 1381 2454 1421 au·-
2485 1372 2492 1387 ¹
2545 1354 2561 1367 '

212 1447 339 1495 tem
384 1452 615 1515 poenae
666 1452 851 1515 genus
900 1431 1237 1495 denuntiat?
1284 1434 1418 1512 quia
1463 1434 1680 1507 verbo,
1727 1436 1950 1515 inqmt,
1985 1456 2124 1497 meo
2159 1456 2286 1497 non
2321 1456 2452 1497 cre-

220 1508 380 1583 ditis,
418 1529 575 1569 exem
624 1508 743 1567 lum
780 1508 845 1569 in
863 1530 967 1587 vos
1006 1509 1190 1584 edam,
1227 1510 1390 1589 quod
1429 1511 1505 1571 sit
1522 1510 1796 1573 omnibus
1833 1510 2202 1573 incredibile:
2245 1512 2452 1592 quibus

222 1584 422 1647 verbis
466 1586 589 1646 inte
614 1582 772 1665 tigit,
832 1604 895 1647 se
942 1606 1163 1664 poenas
1212 1586 1287 1646 de
1334 1585 1450 1647 illis
1510 1597 1902 1665 sumpturum,
1953 1608 2110 1666 quae
2167 1588 2458 1647 incutiant

220 1660 447 1721 mundo
486 1660 811 1721 horrorem.
876 1660 1025 1721 Nam
1052 1674 1121 1722 ut
1144 1674 1468 1723 monstrum
1495 1673 1583 1725 est
1603 1662 1945 1723 detestabile
1967 1662 2235 1723 adversus
2261 1664 2456 1729 Deum

224 1735 507 1810 rebellio,
566 1737 645 1797 ita
683 1758 805 1799 non
844 1738 1052 1800 mirum
1093 1750 1211 1812 est,
1266 1738 1314 1801 si
1364 1759 1690 1818 poenarum
1726 1750 1986 1799 monstra
2033 1759 2102 1799 ex
2136 1759 2202 1801 se
2235 1741 2453 1821 gignat.

225 1810 566 1873 Cavendum
606 1832 748 1895 ergo
800 1833 906 1890 ne,
952 1814 1001 1875 si
1038 1812 1152 1906 Dei
1188 1812 1371 1905 verbo
1411 1812 1583 1875 fidem
1631 1814 2010 1909 abrogemus,
2058 1817 2454 1906 potentioreni

272 1909 400 1949 uam
436 1907 635 1949 sensus
672 1909 875 1952 omnes
914 1900 1099 1950 nostri
1136 1902 1371 1970 capiunt
1411 1893 1718 1951 sentiamus
1759 1910 1884 1951 eius
1915 1910 2182 1965 manum,
2229 1903 2290 1952 et
2327 1912 2457 1971 qm-

222 1910 363 2027 dem
399 1986 463 2025 us
546 1984 581 2023 e
616 1964 689 2026 ad
722 1965 903 2027 totius
939 1965 1139 2025 mundi
1175 1978 1265 2029 stu
1312 1986 1476 2027 orem
1515 1989 1582 2027 ac
1629 1986 1839 2047 pavore
1875 1966 1896 2025 i
1941 1966 1988 2027 si
2029 1987 2266 2046 quoque
2303 1979 2457 2027 atto-

220 2040 335 2109 niti
356 2042 457 2101 red
501 2062 681 2104 amur.
736 2041 1012 2103 Habacuc
1042 2040 1114 2103 de
1152 2043 1243 2105 cla
1282 2064 1317 2101 e
1340 2042 1686 2104 vaticinatur
1723 2062 1830 2123 per
1853 1987 2182 2103 Chaldaeos
2217 2044 2460 2115 inflicta,

218 2118 328 2181 sed
368 2138 579 2198 poena,
599 2137 713 2196 qua
732 2116 1019 2189 Dominus
1044 2116 1345 2203 Evangelii
1382 2119 1472 2181 sui
1511 2130 1912 2198 contemptum
1943 2118 2096 2181 ultus
2135 2132 2242 2194 est,
2279 2118 2462 2201 longe

228 2194 343 2260 fuit
380 2194 673 2256 atrocior:
713 2214 891 2273 quare
928 2194 999 2254 ad
1038 2194 1357 2267 timendum
1377 2194 1574 2257 Deum
1615 2207 1676 2257 et
1711 2194 2152 2283 amplexandum
2186 2214 2460 2257 reveren-

226 2283 322 2337 ter
354 2271 479 2333 eius
518 2268 761 2335 verbum
780 2274 1201 2344 assuescamus,
1238 2290 1316 2333 ne
1354 2272 1498 2351 quid
1533 2271 1648 2333 tale
1685 2262 2144 2333 nob1s⁸eveniat

394 2535 495 2600 42.
532 2605 551 2618 ,
575 2531 861 2620 Egressis
921 2541 1129 2598 antem
1184 2551 1261 2594 ex
1314 2529 1653 2617 synagoga
1693 2529 1978 2610 Iudaeis,
2045 2526 2464 2596 hortabantur

233 2633 515 2711 Gentes,
597 2643 668 2700 ut
734 2630 1119 2700 intermedio
1188 2627 1476 2698 sabbato
1543 2629 1966 2716 loquerentur
2031 2632 2188 2716 ipsis
2248 2626 2464 2697 verba.

142 2739 152 2746 ’
232 2737 337 2802 43.
377 2734 653 2800 Dimissa
690 2754 850 2799 vero
882 2734 1243 2819 synagoga,
1282 2733 1540 2816 sequuti
1581 2741 1730 2796 sunt
1768 2729 1950 2798 multi
1993 2752 2068 2795 ex
2105 2728 2360 2793 Indaeis
2401 2739 2466 2794 et

230 2834 553 2920 religiosis
594 2833 945 2924 Proselytis
986 2832 1253 2898 Paulum
1306 2841 1374 2896 et
1415 2828 1802 2910 Bar-naham,
1853 2834 1964 2916 qui
2018 2828 2466 2915 colloquentes

234 2958 379 3002 cum
444 2937 595 3022 ipsis
656 2931 1041 3014 suadebant,
1112 2943 1182 2998 ut
1234 2940 1569 2998 manerent
1619 2933 1688 2996 in
1739 2931 1940 3016 gratia
1991 2927 2140 2994 Dei.
2231 2929 2332 2994 44.
2383 2927 2470 3010 Et

234 3059 431 3123 quum
472 3038 753 3102 venisset
792 3033 1169 3112 Sabbatum,
1228 3053 1436 3120 prope
1490 3041 1626 3097 tota
1665 3033 1887 3096 civitas
1928 3040 2308 3116 congregata
2347 3027 2471 3093 fuit

238 3137 324 3202 ad
378 3135 767 3204 audiendum
817 3155 1178 3202 sermonem
1219 3134 1367 3198 Dei.
1467 3128 1570 3198 45.
1623 3130 1940 3196 videntes
1995 3141 2202 3195 autem
2245 3128 2470 3193 Iudaei

219 3235 473 3326 ,turbae
512 3236 744 3324 repleti
786 3246 932 3308 sunt
972 3233 1416 3315 aemulatione,
1456 3242 1523 3298 et
1561 3228 2091 3298 contradicebant
2131 3229 2262 3306 hie,
2302 3248 2468 3314 quae

240 3359 283 3404 a
324 3333 531 3404 Paulo
574 3334 973 3414 dicebantur,
1014 3334 1530 3402 contradicentes
1569 3343 1638 3400 et
1675 3329 2210 3416 blasphemantes.

393 3499 487 3564 ⁴2
538 3497 631 3558 43.
702 3491 975 3570 Ερωέ
1008 3513 1041 3552 0
1072 3459 1410 3568 synagoga.
1485 3488 1692 3551 Potest
1727 3487 1901 3548 etiam
1941 3485 1996 3546 ne
2042 3485 2057 3501 ·
2096 3507 2129 3544 ο
2160 3484 2476 3562 synagoga

240 3565 629 3644 Imheonmu,
694 3579 755 3630 et
790 3569 947 3630 forte
984 3567 1191 3648 aptius.
1264 3562 1585 3626 Probabile
1639 3563 1792 3622 enim
1845 3572 1960 3636 est,
2027 3561 2173 3622 uisse
2213 3577 2474 3644 egressos
2541 3629 2551 3639 ¹

242 3645 579 3724 priusquam
624 3655 827 3706 coetus
874 3643 1201 3707 difflueret:
1260 3641 1436 3720 idque
1493 3657 1562 3698 ex
1617 3651 1898 3704 contextu
1955 3638 2280 3720 colligitur,
2339 3635 2477 3726 quia

244 3719 425 3798 paulo
478 3730 614 3796 post
660 3718 893 3785 subiicit
935 3719 1154 3792 Lucas,
1210 3716 1398 3778 soluta
1449 3714 1603 3793 Syna
1647 3735 1760 3796 oga
1805 3714 2082 3794 quosdam
2132 3733 2201 3774 ex
2244 3712 2474 3799 Iudaeis

244 3813 312 3858 se
358 3803 529 3854 uutos
569 3794 745 3856 fuisse
782 3795 1025 3856 Paulum
1064 3805 1127 3854 et
1160 3790 1504 3852 Barnabam.
1602 3735 1818 3852 §cusos
1867 3810 1932 3850 er
1973 3811 2012 3852 o
2059 3801 2178 3865 est,
2245 3785 2474 3876 Iudaeis

247 3869 327 3932 ad
370 3887 443 3933 ue
502 3882 853 3934 conventum
908 3891 1079 3933 suum
1128 3866 1474 3930 habentibus
1535 3865 1776 3930 Paulum
1823 3877 1886 3926 et
1985 3864 2252 3926 arnabam
2303 3860 2476 3922 fuisse

248 3964 552 4027 egressos,
600 3957 663 4006 et
696 3957 839 4008 tune
874 3969 907 4006 r
984 3958 1111 4009 atos
1146 3966 1183 4005 a
1263 3941 1524 4016 entibus«,
1575 3956 1641 4004 ut
1677 3944 1897 4006 interea
1942 3941 2056 4003 sibi
2093 3957 2330 4016 operam
2367 3953 2477 3996 na-

248 4032 482 4082 varent:
547 4033 749 4102 postea
794 4043 943 4102 quos
982 4041 1075 4080 am
1124 4039 1193 4080 ex
1272 4018 1466 4082 udaeis
1517 4029 1584 4078 et
1626 4016 1944 4098 Proselytis
1981 4013 2054 4077 ad
2091 4010 2334 4074 Paulum
2371 4029 2472 4070 ve-

248 4099 404 4165 nisse
440 4107 567 4156 tum
604 4098 799 4160 studio
828 4094 1105 4169 discendi,
1138 4106 1265 4156 tum
1302 4093 1666 4174 profitendae
1703 4093 1839 4154 fidei
1877 4111 2016 4153 suae
2079 4089 2234 4150 ratia.
2295 4087 2478 4146 Vetus

250 4175 543 4253 interpres
584 4185 647 4236 et
680 4175 971 4248 Erasmus,
1010 4189 1187 4250 quum
1232 4169 1658 4232 transtulerunt
1695 4167 1980 4249 Sequenti
2065 4163 2308 4255 abbato,
2355 4181 2478 4222 non

252 4248 1446 4394 ²⁵³2‘1⁰²2“⁹.¹÷L¹³⁶·2÷.21¹:·‘³3⁶s2;.1¹².:
1527 4240 2227 4398 ²²⁰3.¹¹{?..‘¹i›fs1¹t‘.:?⁰.⁸.
2315 4248 2484 4376 25:2¹:

254 4345 381 4393 ⁸01²
418 4345 479 4394 00
542 4349 625 4392 m!
720 4347 893 4394 verul
1040 4367 1060 4402 ς
2455 4343 2482 4360 “”
