2788 4713
796 12 801 14 ,
874 12 915 16 fi
1573 10 1735 53 rw„
2165 12 2206 17 ,,
2259 10 2391 34 ἡὴ
2459 12 2472 14 ,

965 226 1236 292 CAPUT
1285 228 1497 289 XXVI.
1570 244 1577 251 ·
2242 232 2357 295 463

2 430 6 453 ζ,
111 366 250 439 vam
289 386 494 437 contra
532 392 596 437 ee
637 394 672 435 a
722 354 1120 433 sacerdotibus
1167 348 1442 449 obtendi,
1497 366 1789 450 intrepide
1846 350 2043 435 tamen
2092 372 2355 435 sinceros

115 454 240 513 Dei
279 452 538 513 cultores
576 472 606 511 a
645 472 745 511 sua
782 459 948 531 parte
984 460 1140 509 stare
1175 448 1449 523 affirmat,
1484 460 1545 508 et
1580 446 1815 507 illorum
1843 450 2167 527 patrocinio
2206 470 2357 511 eon-

2 572 6 591 .
117 540 320 589 tentus
359 538 462 587 est.
547 526 696 589 Nam
777 546 912 587 uum
951 524 1258 597 duodecim
1311 525 1500 585 tribus
1538 524 1833 597 nominat,
1884 546 2003 585 non
2046 527 2357 606 permiscet

2 598 6 607 ’
125 624 370 678 omnes,
417 602 518 685 qui
556 548 874 665 secuudum
923 621 1154 663 carnem
1195 620 1262 659 ex
1301 598 1481 661 Iacob
1523 609 1692 659 erant
1736 600 2061 691 progeniti,
2112 604 2213 663 sed
2253 624 2355 665 eos
2428 664 2435 673 ,

121 692 353 740 tantum
404 678 709 763 intelligit,
773 676 892 759 qui.
921 696 1118 737 verum
1169 677 1401 759 pietatis
1438 676 1691 736 studium
1750 675 2104 735 retinebant:
2162 698 2357 757 neque

123 756 286 819 enim
323 767 774 817 consentaneum
827 753 1062 826 fuisset,
1123 754 1449 833 promiscue
1507 752 1741 814 laudare
1844 762 2037 811 entem
2096 752 2275 833 ipsam
2322 776 2357 817 a

125 833 346 893 timore
391 831 546 906 Dei,
595 832 694 912 qui
741 830 974 893 nonnisi
1013 830 1331 911 in„exiguo
1379 849 1626 890 numero
1663 829 1718 887 vi
1764 849 1793 889 e
1840 839 1915 889 at.
1991 825 2065 887 In
2102 837 2357 908 utroque

1 910 8 979 ζ
168 910 490 991 raeposteri
528 920 664 968 sunt
681 906 964 989 Papistae,
1005 904 1137 983 quia
1180 917 1237 964 et
1275 905 1574 965 hominum
1614 904 1713 965 sus
1732 904 1904 987 ragiis
1944 903 2205 964 obruunt
2228 906 2359 965 ver-'

2 988 10 997 '
121 931 269 1044 lium
309 984 458 1057 Dei,
499 995 559 1044 et
594 984 824 1045 mixtam
866 1000 933 1039 ex
983 979 1234 1040 indoctis
1272 980 1362 1041 vel
1404 982 1647 1062 impuris
1685 977 2015 1041 hominibus
2054 979 2363 1043 colluviem

2 1040 12 1075 '³
123 1059 449 1121 catholicae
471 1060 764 1121 Ecclesiae
801 1056 974 1119 titulo
1013 1056 1140 1117 sine
1179 1056 1376 1117 colore
1402 1057 1493 1118 vel
1528 1058 1757 1139 pudore
1794 1056 2131 1137 insigniunt.
2180 1057 2364 1137 Atqui

123 1148 196 1197 ut
235 1157 366 1197 cum
403 1157 572 1197 verae
611 1134 874 1197 Ecclesia
909 1152 1017 1193 nos
1054 1133 1272 1193 sentire
1313 1133 1648 1215 probemus,
1684 1153 1717 1194 a
1753 1134 2067 1214 Prophetis
2107 1145 2167 1194 et
2193 1133 2363 1214 Apo-

2 1248 5 1307 ὲ
123 1211 294 1273 stolis
334 1212 590 1293 incipere
621 1210 922 1275 convenit:
963 1206 1174 1269 deinde
1214 1207 1321 1269 illis
1361 1210 1715 1303 aggregandi
1752 1222 1908 1283 sunt,
1932 1231 2182 1293 quorum
2222 1222 2364 1271 nota

125 1300 192 1348 et
237 1300 444 1349 testata
498 1300 586 1348 est
643 1289 842 1369 pietas.
946 1284 1012 1343 Si
1061 1304 1092 1344 a
1141 1285 1313 1346 nobis
1353 1285 1592 1347 drssidet
1627 1286 1785 1367 Papa
1836 1308 1966 1349 cum
2004 1307 2111 1348 suo
2154 1286 2361 1379 Clerq,

2 1352 10 1413 ζ’
125 1385 255 1423 non
295 1376 381 1424 est
421 1364 578 1443 quod
619 1380 976 1453 magnopere
1013 1360 1186 1420 simus
1223 1361 1389 1421 anxii.
1472 1362 1768 1423 Probatur
1818 1374 2008 1423 autem
2058 1362 2363 1445 religionis

127 1460 300 1499 verus
339 1440 583 1500 affectus
624 1438 695 1498 ab
737 1438 1066 1498 assiduitate
1091 1448 1151 1496 et
1172 1438 1551 1509 vehementia,
1590 1438 1749 1528 quod
1788 1440 1891 1501 illo
1932 1440 2177 1501 maxime
2212 1452 2363 1499 tem-

2 1504 13 1599 :
127 1526 284 1597 pore·
323 1524 494 1575 rarae·
522 1514 748 1573 virtutis
789 1514 918 1589 fuit,
957 1513 1094 1576 dum
1131 1513 1452 1574 miserrime
1491 1514 1919 1575 afflictabantur
1952 1516 2176 1576 Iudaei.

281 1595 339 1655 8.
421 1586 542 1649 σὺν·
576 1587 906 1649 &amathite
935 1586 1356 1649 iudicatur-etc.
1410 1590 1546 1649 Non
1589 1588 1817 1665 dubito,
1842 1593 1981 1670 quin
2022 1603 2083 1651 et
2114 1592 2365 1653 rationi-

129 1666 242 1727 bus
283 1678 343 1727 et
381 1666 718 1746 scripturae
754 1664 1100 1726 testimoniis
1139 1666 1475 1741 asseruerit,
1529 1663 1687 1745 quod
1728 1666 1801 1724 de
1837 1667 2267 1727 resurrectione
2306 1678 2368 1729 et

129 1740 374 1803 coelesti
411 1743 524 1801 vita
565 1741 845 1803 tradebat.
924 1742 1236 1801 Caeterum
1275 1742 1485 1799 merito
1523 1740 1593 1800 ad
1621 1740 1736 1800 Dei
1818 1742 2099 1803 otentiam
2131 1756 2369 1803 revocat

131 1838 286 1897 quos
323 1817 671 1897 alloquitur,
722 1838 797 1878 ne
845 1836 914 1876 ex
950 1836 1148 1877 sensus
1186 1817 1272 1876 sui
1323 1814 1566 1877 modulo
1608 1816 1681 1875 de
1718 1817 1758 1876 il
1786 1838 1815 1878 a
1853 1818 2132 1878 iudicent.
2208 1819 2366 1879 Nihil

129 1894 288 1953 enim
328 1894 397 1954 ad
437 1894 901 1974 persuadendum
937 1894 1118 1975 magis
1167 1892 1403 1952 difficile
1452 1912 1623 1973 quam
1677 1892 1868 1953 futura
1908 1914 2220 1973 corporum
2272 1894 2369 1954 in-
2459 1902 2463 1907 '

130 1974 431 2044 stauratio,
473 1970 573 2030 ubi
613 1971 672 2029 in
711 1970 952 2032 nibilum
993 1969 1225 2029 redacta
1263 1968 1506 2028 fuerint:
1549 1990 1613 2029 er
1654 1990 1691 2029 o
1732 1969 1864 2053 quia
1904 1970 2239 2051 mysterium
2280 1982 2369 2032 est

130 2046 312 2127 longe
347 2046 516 2109 altius
558 2046 811 2109 humano
851 2046 1119 2129 ingenio,
1166 2044 1544 2105 meminerint
1591 1988 1789 2110 ficies
1838 2046 1933 2107 hic
1982 2048 2366 2127 reputandum

131 2142 288 2196 esse,
347 2144 520 2203 quam
566 2124 677 2183 late
715 2134 926 2208 pateat·
950 2124 1226 2186 immensa
1263 2121 1378 2181 Dei
1416 2122 1623 2196 virtus,
1664 2144 1784 2183 non
1827 2123 1967 2207 quid
2008 2124 2115 2203 ipsi
2156 2143 2369 2205 appre-

129 2196 410 2274 hendant,
446 2200 617 2261 sicuti
656 2198 809 2258 idem
848 2198 1060 2259 Paulus
1101 2196 1377 2258 admonet
1413 2198 1484 2258 ad
1522 2199 1772 2280 Philipp.
1810 2204 1869 2274 3,
1904 2206 2001 2263 21.
2078 2200 2225 2259 Nam
2266 2202 2369 2261 ubi

130 2292 346 2355 corpus
386 2288 651 2337 nostrum
699 2274 916 2333 humile
949 2273 1481 2354 transfigurandum
1518 2276 1662 2354 dixit
1700 2277 1939 2354 corpori
1980 2274 2199 2335 Christi
2236 2276 2369 2358 glo·-

133 2350 328 2426 rioso,
367 2351 650 2411 continno
695 2361 826 2429 post
864 2348 1060 2424 addit,
1109 2348 1445 2408 Secundum
1486 2346 1827 2421 efficaciam,
1878 2370 1987 2429 qua
2026 2363 2225 2430 potest
2258 2353 2370 2412 sibi

127 2427 420 2487 subiicere
459 2426 669 2486 omnia.
746 2424 864 2484 Sed
887 2424 1265 2504 utplurimum
1303 2421 1545 2504 maligni
1584 2417 1863 2483 iuncum
1904 2437 1965 2484 et
2002 2426 2198 2485 iniurii
2236 2440 2373 2490 sunt

133 2502 423 2575 homines,
462 2503 562 2584 qui
601 2500 835 2582 longius
875 2499 1106 2559 extendi
1144 2497 1354 2557 nolunt
1393 2499 1515 2560 eius
1556 2499 1885 2574 brachium,
1934 2521 2105 2580 quam
2144 2505 2369 2583 pertin-

177 2589 236 2638 at
273 2580 529 2658 ipsorum
569 2595 798 2650 sensus,
835 2575 915 2636 ita
956 2585 1232 2654 quantum
1273 2575 1331 2631 in
1371 2594 1435 2634 se
1476 2588 1564 2635 est
1610 2595 1853 2656 operum
1896 2577 2018 2636 eius
2078 2579 2371 2660 magnitu-

135 2597 363 2728 dinem,
401 2675 548 2734 quae
589 2651 818 2710 coelum
849 2661 920 2712 et
957 2664 1172 2710 terram
1211 2664 1542 2730 exsuperat,
1586 2651 1795 2712 restrin
1844 2671 1941 2711 ere
1981 2667 2260 2732 cuperent
2299 2655 2371 2716 ad

133 2752 266 2794 suas
304 2729 622 2812 angustias:
684 2735 888 2788 contra
925 2746 1067 2789 vero
1109 2726 1348 2799 Paulus,
1389 2728 1547 2806 qnod
1595 2727 1777 2808 possit
1801 2671 1869 2787 ᾗ)
2463 2795 2477 2813 1

136 2827 248 2868 nos
285 2806 482 2880 iubet,
541 2816 610 2866 ut
654 2823 826 2884 supra
875 2803 1154 2863 mundum
1193 2803 1374 2864 erecti
1413 2823 1480 2863 ex
1532 2805 1955 2884 omnipotentia
1997 2804 2183 2881 illius,
2248 2827 2371 2866 non

133 2883 431 3020 iiq‘boeilb
489 2883 704 2944 mentis
764 2891 998 2941 nostrae
1046 2889 1247 2960 captu,
1320 2879 1494 2940 fidem
1554 2881 2000 2943 resurrectionis
2058 2883 2373 2964 concipere

183 2979 440 3020 meamus.

1878 2749 1975 2789 eus
1989 2771 2006 2799 ,
2046 2729 2374 2809 expendere

299 3117 364 3181 9.
420 3114 504 3180 Et
547 3135 669 3201 ego
711 3111 968 3201 quidem
997 3110 1447 3191 existimabam,
1488 3134 1589 3178 me
1616 3111 1921 3178 adversus
1962 3133 2197 3180 nomen
2226 3116 2372 3184 Iesu

135 3216 460 3281 Nazareni
521 3214 720 3280 multa
779 3213 1202 3300 repugnando
1265 3215 1627 3280 facturum.-
1698 3215 1797 3278 10.
1856 3213 2055 3299 Quod
2120 3227 2183 3281 et
2243 3217 2373 3282 feci

136 3313 626 3397 Hierosolymis,
669 3324 734 3378 et
771 3315 1006 3380 multos
1046 3315 1425 3378 Sanctorum
1466 3334 1589 3398 ego
1630 3313 1997 3379 carceribus
2038 3315 2291 3396 inclusi,
2335 3338 2373 3382 a
2462 3351 2469 3360 ·

136 3412 532 3505 principibus
574 3411 992 3478 sacerdotum
1043 3421 1364 3499 potestate
1419 3422 1709 3500 accepta:
1763 3423 1827 3478 et
1884 3437 2075 3500 quum
2118 3403 2415 3506 occide7'

139 3510 376 3593 rentur,
418 3511 620 3580 detuli
662 3516 1062 3580 sententiam.
1146 3514 1244 3576 11.
1285 3513 1368 3576 Et
1410 3534 1527 3599 per
1570 3533 1792 3578 omnes
1834 3513 2207 3603 synagogas
2246 3517 2373 3585 fre-

141 3627 416 3704 quenter
455 3614 730 3700 puniens
773 3635 914 3694 eos,
958 3611 1425 3699 compellebam
1467 3612 1945 3700 blasphemaret
1997 3626 2060 3682 et
2101 3617 2372 3702 amplius

139 3719 466 3784 insaniens
507 3717 576 3780 in
619 3733 764 3792 eoa,
803 3711 1243 3801 persequebar
1283 3715 1472 3778 etiam
1512 3716 1579 3778 in
1628 3725 1869 3780 exteras
1912 3738 2116 3804 usque
2159 3719 2373 3782 civita-

139 3829 254 3883 tes.
335 3815 438 3880 12.
494 3813 784 3902 Quarum
833 3835 1046 3878 rerum
1086 3811 1302 3878 studio
1345 3835 1539 3899 quum
1592 3817 1751 3880 irem
1793 3816 2176 3883 Damascum
2230 3839 2372 3886 cum

141 3917 515 3982 auctorita-te
559 3925 624 3979 et
665 3915 976 4000 permissu
1012 3915 1376 3999 principum
1418 3913 1867 3994 sacerdotum,
1930 3918 2029 3981 13.
2072 3915 2204 3980 Die
2240 3938 2373 3981 me·-

141 4014 270 4092 dio,
308 4015 479 4090 Rex,
515 4017 587 4078 in
629 4018 734 4078 via
776 4013 908 4077 vidi
953 4033 992 4078 e
1034 4009 1224 4076 coelo
1266 4031 1460 4098 supra
1502 4013 1915 4098 splendorem
1954 4013 2110 4080 solis
2151 4014 2368 4080 lumen

139 4137 242 4182 me
303 4113 827 4200 circumfulgens,
892 4124 953 4179 et
1007 4135 1120 4178 eos
1174 4114 1284 4198 qui
1342 4135 1585 4177 mecum
1656 4113 1977 4180 iaciebant
2042 4116 2182 4180 iter.
2264 4117 2365 4180 14.

143 4217 358 4301 Quum
379 4225 590 4280 autem
615 4231 838 4280 omnes
861 4235 983 4280 nos
1011 4212 1469 4280 decidissemus
1510 4216 1576 4278 in
1616 4224 1862 4292 terram,
1903 4213 2395 4282 audivivocem*

137 4316 506 4400 loquentem
548 4313 632 4380 ad
673 4333 810 4392 me,
861 4324 928 4379 et
967 4314 1287 4379 dicentem
1329 4311 1629 4380 hebraica
1672 4313 1913 4398 lingua,
1964 4311 2145 4397 Saul,
2184 4315 2362 4395 Saul,
