2788 4713
1144 212 1423 279 CAPUT
1457 214 1532 277 X.
2350 216 2468 281 19⁰
2502 157 2550 247 ὀ

193 370 536 431 statuamus,
574 354 715 438 quid
752 354 929 419 nohis
966 353 1139 422 liceat
1172 378 1243 419 ac
1280 354 1536 419 liberum
1572 357 1674 419 site
1714 358 1952 439 quando
1989 379 2068 424 ne
2103 359 2288 421 Petro
2369 357 2460 421 ui-

196 437 335 513 dem
373 435 547 497 licuit
584 434 897 513 profanum
936 432 1151 509 facere,
1191 432 1351 528 quod
1394 454 1465 495 ex
1501 432 1618 495 Dei
1656 435 1838 497 verbo
1878 435 2104 497 licitum
2144 447 2285 497 erat.
2392 457 2458 496 a-

192 512 281 575 let
324 523 636 595 praeterea
676 509 767 573 hic
806 510 972 573 locus
1010 508 1080 569 ad
1122 510 1518 571 coercendam
1553 510 1854 571 hominum
1901 514 2293 603 proterviam,
2340 532 2460 593 qua

193 592 257 653 in
298 587 589 673 perversis
627 586 851 647 iudiciis
892 584 1194 647 exsultant.
1281 588 1474 649 Nemo
1532 586 1658 646 fere
1707 598 1796 647 est
1835 609 1935 665 qui
1984 610 2107 649 non
2155 588 2268 650 sibi
2313 608 2458 669 per·

194 672 399 729 mittat
439 663 511 723 de
548 662 797 723 aliorum
839 663 1003 724 factis
1040 662 1327 743 iudicium⁴
1358 662 1534 723 ferre.
1621 662 1747 723 Iam
1799 674 1866 721 ut
1965 666 2124 725 orosi
2160 685 2354 726 sumus
2395 674 2459 725 et

198 742 468 825 maligni,
506 739 689 821 magis
727 740 1050 819 pendemus
1088 741 1151 800 in
1189 740 1482 800 sinistram
1521 752 1767 819 partem,
1806 740 1884 799 ita
1975 760 2048 800 eo
2090 742 2250 818 quod
2287 763 2456 802 suum

202 831 297 883 est
336 818 623 895 eripimus.
696 816 793 877 Ad
816 816 1239 899 corrigendam
1281 814 1612 876 huiusmodi
1650 815 1946 875 audaciam
1983 814 2254 877 sufficere
2279 818 2461 877 debet

198 898 355 959 haec
391 892 514 959 sola
548 912 677 966 vox,
716 892 889 954 nobis
930 893 1015 953 fas
1055 914 1178 955 non
1211 912 1356 967 esse,
1399 891 1513 953 hoc
1533 889 1625 951 vel
1663 892 1806 952 illud
1848 890 2042 951 facere
2079 893 2464 969 immundum,

202 972 315 1035 sed
353 971 497 1033 hane
534 970 704 1030 unius
740 968 863 1031 Dei
902 988 1027 1031 esse
1109 980 1437 1031 otestatem.
1530 968 1844 1029 Caeterum
1893 968 1982 1031 his
2031 968 2225 1029 verbis
2281 970 2460 1031 etiam

204 1047 497 1121 innuitur,
557 1045 813 1107 Iudaeos
864 1067 985 1107 non
1041 1047 1062 1105 i
1104 1066 1179 1105 eo
1228 1056 1496 1106 sanctum
1547 1044 1722 1105 fuisse
1757 1044 1874 1105 Dei
1965 1044 2235 1125 opulum,
2296 1044 2464 1124 quod

204 1125 444 1265 Kmpria
482 1122 765 1205 dignitate
804 1133 1203 1213 praestarent,
1260 1121 1366 1213 sed
1427 1119 1554 1213 sola
1595 1121 1825 1182 divinae
1874 1143 1904 1181 a
1949 1120 2208 1201 optionis
2257 1120 2462 1203 gratia.

176 1222 183 1233 ·
266 1222 378 1292 unc
415 1212 725 1290 postquam
760 1210 969 1283 gentes
1004 1222 1067 1259 m
1110 1197 1369 1259 foederis
1406 1210 1749 1259 societatem
1768 1198 1932 1259 Deus
1960 1198 2178 1273 ascivit,
2215 1194 2463 1277 aequale

204 1288 297 1341 est
330 1300 421 1339 ius
454 1296 748 1340 omnium.

202 1452 283 1492 ,η
350 1348 1619 1507 3?unfitifflssnfffffe‘f‘ztft'3312'?
1643 1350 1714 1488 ii
1729 1348 2464 1502 {zti‘ffiffffieffssk

202 1452 383 1569 Uniie
424 1504 783 1587 colligimus,
823 1526 995 1585 quam
1035 1505 1177 1567 altas
1216 1502 1340 1577 illic¹
1376 1503 1599 1565 radices
1639 1506 1852 1586 egisset
1887 1504 2064 1586 Legis
2105 1502 2464 1571 observatio.

203 1585 334 1647 Cur
395 1594 593 1643 autem
653 1579 1005 1672 perplexum⁸
1052 1581 1217 1643 Deus
1278 1579 1616 1660 reliquerit,
1685 1582 1878 1641 donec
1947 1601 2016 1641 ex
2077 1578 2466 1659 consequenti

202 1656 423 1723 eventu
464 1658 700 1719 visionis
738 1678 965 1719 causam
1007 1658 1287 1733 disceret,
1335 1678 1459 1717 non
1500 1657 1606 1717 alia
1645 1656 1785 1727 mihi
1826 1656 1974 1718 ratio
2015 1654 2303 1730 occurrit,
2351 1653 2465 1717 nisi

200 1736 371 1819 quod
422 1733 708 1795 attonitus
756 1755 881 1795 non
930 1735 1099 1815 petiit
1134 1734 1247 1795 sihi
1298 1733 1654 1793 manifestari
1695 1733 1833 1814 quid
1875 1734 1988 1793 hoc
2025 1732 2235 1794 vellet:
2275 1753 2468 1811 quan-

202 1835 383 1907 quam
420 1812 558 1948 “tus
597 1823 715 1872 tem
760 1811 1005 1945 οεὲἰνωιι
1044 1810 1187 1908 suit,
1248 1809 1488 1947 augias
1527 1810 1798 1871 Cornelii
1847 1809 2024 1905 paulo
2075 1821 2213 1889 post
2260 1810 2468 1899 venire

408 1910 471 1947 re
501 1908 581 1947 es.
738 1908 812 1947 au
1140 1910 1207 1945 m

200 1903 627 2027 iiuxeszetms
664 1984 699 2025 a
735 1908 1154 2047 Deoeuprgdaisre
1192 1908 1351 2026 ἦιξα
1388 1900 1806 2025 numm
1833 1888 2008 1969 'fin’
2071 1906 2202 2035 qim,
2243 1896 2466 1949 cernor

374 2180 477 2246 17.
560 2178 783 2267 Quum
847 2188 1059 2245 autem
1124 2181 1195 2245 in
1261 2199 1332 2244 se
1384 2180 1531 2265 ipso
1589 2179 1776 2245 anxie
1832 2173 2157 2245 dubitaret
2217 2174 2468 2255 Petrus,

202 2302 523 2371 quaenam
590 2290 760 2346 esset
800 2282 998 2358 visio,
1052 2300 1241 2367 quam
1290 2278 1572 2347 viderat:
1635 2298 1789 2346 ecce
1846 2278 1980 2349 duo
2021 2281 2150 2344 viri
2209 2279 2384 2342 missi
2428 2298 2468 2341 n

206 2373 561 2461 Cornelio,
612 2385 911 2448 sciscitati
957 2380 1041 2446 de
1098 2380 1292 2446 domo
1337 2379 1646 2459 Simonis,
1697 2388 2013 2446 steterunt
2061 2369 2146 2443 ad
2194 2381 2468 2442 ianuam.

210 2483 313 2550 18.
353 2483 439 2548 Et
466 2489 669 2569 'quum
720 2481 1195 2559 inclamassent,
1248 2481 1727 2566 interrogarunt
1770 2501 1852 2544 an
1897 2478 2152 2556 Simon,
2205 2479 2317 2564 qui
2360 2496 2470 2542 co-

210 2582 705 2669 gnominabatur
743 2585 1003 2661 Petrus,
1042 2580 1179 2646 iltic
1218 2579 1564 2666 hospitium
1605 2579 1894 2650 haberet.
1977 2579 2076 2646 19.
2117 2580 2313 2648 Petro
2359 2573 2472 2642 au·
2525 2631 2530 2634 .

206 2695 343 2750 tem
386 2687 699 2768 cogitante
741 2705 939 2770 super
977 2683 1248 2758 visione,
1290 2680 1447 2746 dixit
1487 2680 1584 2746 illi
1609 2681 1902 2770 Spiritus,
1949 2680 2140 2755 Eece,
2173 2679 2296 2741 viri
2339 2685 2470 2741 tres

204 2795 276 2850 te
321 2771 653 2872 quaerunt.
746 2785 850 2851 20.
909 2783 1147 2869 Surge,
1209 2780 1538 2849 descende
1584 2793 1646 2849 et
1697 2781 2116 2869 proficiscere
2172 2801 2314 2844 cum
2359 2778 2471 2857 eis,

204 2884 374 2952 nihil
414 2885 755 2966 haesitans,
794 2886 947 2974 quia
990 2905 1113 2970 ego
1156 2886 1299 2950 misi
1334 2905 1468 2950 eos.
1551 2885 1656 2952 21.
1695 2883 1916 2970 Quum
1958 2893 2170 2950 autem
2203 2879 2474 2946 deseen-

206 2973 412 3052 disset
454 2987 683 3052 Petrus
738 2985 821 3052 ad
862 2989 1054 3065 viros
1095 2987 1207 3074 qui
1249 2987 1425 3051 missi
1467 2995 1652 3052 erant
1694 3007 1729 3049 a
1759 2982 2082 3050 Cornelio
2122 2973 2216 3046 ad'
2243 2983 2472 3068 ipsum,
2538 3051 2548 3068 ,

207 3087 399 3166 dixit,
450 3087 653 3166 Ecce,
698 3107 819 3174 ego
862 3109 1031 3165 sum,
1074 3075 1267 3172 quem
1309 3089 1634 3172 quaeritis.
1719 3083 1914 3172 Quae
1957 3103 2150 3150 causa
2188 3091 2313 3160 est,
2354 3101 2472 3146 cur

206 3187 463 3254 assitis?
543 3189 647 3253 22.
698 3187 1019 3254 Dixerunt
1058 3186 1194 3252 illi:
1252 3185 1608 3255 Cornelius
1651 3188 1976 3264 centurio,
2018 3187 2120 3250 vir
2159 3186 2362 3250 iustus
2406 3189 2472 3247 et

204 3293 444 3370 timens
484 3287 738 3368 Deum,
792 3289 1225 3354 testimoni-nm
1278 3287 1527 3354 habens
1569 3309 1608 3352 a
1649 3297 1784 3353 tota
1827 3297 2019 3372 gente
2066 3281 2472 3358 Iudaeorum,

206 3387 483 3457 oraculo
537 3386 899 3456 admonitus
955 3396 1053 3453 est
1104 3384 1187 3451 ab
1224 3387 1482 3476 Angelo
1537 3397 1792 3468 sancto,
1844 3398 1915 3452 ut
1965 3397 2033 3452 te
2084 3393 2348 3451 vocaret
2399 3384 2471 3448 in

206 3491 477 3558 domum
508 3511 685 3556 suam
726 3499 791 3555 et
830 3487 1083 3554 audiret
1124 3485 1243 3554 abs
1278 3500 1344 3557 te
1369 3489 1588 3562 verba.
1671 3489 1774 3557 23.
1813 3490 2024 3558 Porro
2069 3487 2242 3554 intro
2284 3505 2475 3553 voca-

206 3601 320 3657 tos
364 3592 611 3678 accepit
651 3590 955 3678 hospitio.

367 3728 461 3787 17.
508 3721 676 3792 ,Non
716 3720 941 3789 visione
975 3733 1203 3817 tantqm
1242 3717 1486 3784 ,oduei
1518 3718 1703 3783 verho
1743 3717 1988 3782 edoctus
2025 3718 2218 3782 fuerat
2239 3718 2473 3791 Petrus,

210 3809 283 3861 et
340 3809 537 3860 tamen
597 3798 855 3860 videndo
917 3820 1043 3860 non
1088 3797 1277 3873 videt,
1335 3797 1529 3858 donec
1569 3794 1822 3882 Spiritus
1881 3793 1972 3860 illi
2028 3795 2106 3860 sit
2151 3795 2307 3858 inter
2349 3813 2471 3852 res:

208 3873 442 3936 illustre
490 3875 719 3938 scilicet
761 3873 1043 3937 tarditatis
1094 3887 1334 3936 nostrae
1369 3872 1712 3953 speculum,
1761 3893 2090 3954 quanquam
2143 3893 2251 3932 nos
2342 3880 2473 3929 etro

210 3951 401 4088 longe
456 3953 661 4043 adhuc·
704 3973 900 4014 sumus
960 3952 1248 4033 dispares:
1310 3971 1446 4011 nam
1484 3950 1634 4012 adeo
1687 3971 1813 4012 non
1860 3951 2057 4040 statim
2095 3945 2475 4044 assequimur,
2537 3981 2570 3990 -

210 4050 525 4186 3311?ssss
547 4027 1087 4184 iiissfssiffiuiuio
1120 4021 2477 4165 ²1¹?‘iifficai‘iqu‘'xiii-„¹2⁰i'ziit1uioiii33³3}

216 4182 385 4262 quod
435 4181 599 4244 addit
632 4181 861 4251 Lucas,
908 4181 1151 4243 Petrum
1190 4181 1423 4242 intento
1475 4180 1672 4240 animo
1729 4197 1908 4260 super
1955 4176 2184 4238 visione
2227 4172 2477 4234 medita·-

216 4271 351 4320 tum
392 4278 539 4333 esse,
574 4277 789 4336 nempe
825 4270 1135 4349 postquam
1175 4257 1431 4319 animum
1467 4279 1540 4347 3³¹}
1575 4267 1818 4344 stupore
1843 4252 2128 4344 ‘collegit2
2169 4251 2284 4342 fuit
2320 4249 2476 4309 enim

218 4335 343 4396 hoc
377 4336 513 4417 piae
548 4345 911 4398 reverentiae
946 4355 1201 4418 signum,
1240 4333 1404 4418 quod
1430 4351 1713 4395 visionem
1751 4328 1861 4390 sihi
1896 4327 2050 4390 elabi
2074 4326 2170 4389 vel
2207 4327 2481 4388 diffluere
