2788 4713
321 3513 328 3524 ·
445 3486 605 3562 lunt,
642 3496 964 3564 noctesque
1003 3495 1063 3544 et

435 228 550 291 462
951 200 962 215 ’
1209 216 1294 277 m
1335 207 1563 275 ACTA
1600 210 1885 275 Apos‘r.

439 367 614 429 nuina
649 363 952 427 doctrinae
990 360 1324 433 sinceritas,
1367 358 1669 439 maiorque
1708 358 1929 419 luceret
1966 354 2240 415 eruditio.
2318 352 2719 419 Gloriaban-

437 458 537 505 tur
583 440 772 515 enim,
817 460 880 499 se
928 456 1194 499 arcanam
1233 436 1569 516 Scripturae
1608 433 2050 515 intelligentiam
2096 444 2335 493 tenere:
2402 444 2471 493 et
2540 448 2717 496 certe

441 518 784 591 Sadducaei,
817 536 994 595 quum
1032 532 1094 573 se
1133 514 1415 572 iactarent
1454 530 1577 573 esse
1614 510 1888 583 literales,
1922 508 2132 570 obruta
2168 510 2531 591 scripturae
2584 511 2715 571 luce

439 598 502 655 in
545 594 771 653 foedam
813 608 1173 668 crassamque
1213 588 1493 647 inscitiam
1534 586 1747 667 delapsi
1786 597 1970 645 erant.
2058 586 2261 645 Esseni
2300 586 2458 645 vitae
2504 601 2715 647 auste-

441 674 610 732 ritate
663 667 926 729 contenti
987 664 1288 725 doctrinae
1327 662 1577 725 studium
1616 684 1735 723 non
1777 682 2135 756 magnopere
2174 662 2483 723 curabant.
2586 665 2715 723 Ner

440 748 636 810 obstat
683 744 840 825 quod
885 741 1150 803 Christus
1196 740 1258 799 in
1303 740 1647 801 Pharisaeos
1694 758 2041 819 praecipue,
2099 751 2378 817 tanquam
2422 741 2715 801 omniu-

441 822 785 885 deterrimos
807 820 1146 899 Scripturae
1186 828 1581 896 corruptores,
1620 816 1914 875 invehitur
1949 815 2479 893 (Matth.23,13.).
2554 818 2711 877 Na-

441 920 617 981 quum
666 897 777 957 sibi
826 918 893 955 ex
942 913 1154 953 arcano
1209 904 1272 951 et
1317 891 1629 952 recondito
1668 912 1838 952 sensu
1879 892 1963 952 ins
2000 891 2487 971 interpretandae
2538 893 2713 953 Scri-

440 988 649 1059 pturae
683 972 1062 1045 vindicarent,
1101 968 1236 1029 hinc
1273 966 1371 1028 illa
1408 968 1671 1028 mutandi
1710 966 2077 1047 novandique
2114 966 2376 1043 andacia,
2422 970 2531 1029 eui
2576 971 2709 1029 Do-

440 1053 630 1113 minus
667 1058 984 1111 succenset.
1079 1046 1200 1105 Sed
1237 1044 1449 1105 Paulus
1488 1056 1815 1105 commenta
1856 1044 1980 1118 illa,
2040 1062 2191 1123 quae
2228 1056 2469 1104 temere
2516 1045 2711 1106 fabri-

443 1141 568 1191 cata
604 1126 912 1208 tyrannico
953 1121 1149 1205 rigore
1187 1120 1508 1202 urgebant,
1546 1140 1665 1181 non
1706 1120 1967 1255 attingit:
2010 1140 2141 1179 nam
2176 1119 2266 1179 illi
2310 1124 2707 1201 propositum

442 1217 586 1279 erat,
623 1213 846 1262 tautum
885 1200 958 1259 de
997 1198 1427 1257 resurrectione
1464 1208 1831 1257 mortuorum
1892 1194 2049 1276 oqui.
2127 1192 2501 1275 Quanquam
2550 1202 2709 1259 enin

439 1282 659 1361 Legem
699 1277 759 1336 in
797 1275 992 1335 multis
1029 1272 1288 1355 partibus
1328 1272 1767 1345 adulterassent,
1804 1292 2051 1353 aequum
2088 1282 2283 1331 tamen
2328 1286 2490 1347 erat,
2534 1288 2615 1334 ut
2652 1280 2705 1333 in

439 1356 656 1417 tuenda
692 1374 827 1416 sana
863 1352 978 1413 fide
1033 1348 1209 1430 pluris
1247 1360 1402 1409 esset
1438 1348 1559 1408 eius
1595 1360 1787 1409 sectae
1826 1349 2166 1421 auctoritas,
2206 1370 2379 1427 quam
2424 1350 2707 1420 aliarum,

441 1450 592 1513 quae
629 1428 858 1509 longius
899 1448 929 1485 a
971 1426 1156 1485 nativa
1197 1426 1449 1505 puritate
1488 1425 1862 1485 desciverant.
1909 1422 2102 1501 Adde,
2144 1425 2305 1517 quod
2346 1425 2430 1485 de
2468 1427 2705 1509 vulgari

441 1520 663 1568 tantum
703 1503 922 1563 iudicio
961 1501 1224 1583 loquitur
1257 1500 1501 1576 Paulus,
1540 1502 1701 1583 quod
1739 1499 2059 1561 subtilioris
2098 1501 2375 1561 scientiae
2422 1502 2705 1565 coloret»

441 1582 819 1724 Ῥεαὲωιὸό
853 1675 1011 1731 sporn
1045 1654 1518 1729 repromissionis.
1592 1654 1765 1715 Nunc
1802 1654 1862 1713 in
1902 1672 2131 1715 causam
2192 1654 2495 1729 escendit,
2538 1656 2705 1737 quod

440 1736 662 1799 scilicet
698 1732 777 1793 ob
817 1731 1192 1813 praecipuum
1229 1730 1412 1791 totius
1452 1730 1586 1790 fidei
1626 1740 1799 1809 caput
1836 1730 2085 1791 laboret.
2240 1745 2242 1747 ·
2276 1730 2293 1788 i
2336 1744 2554 1791 autem
2594 1754 2699 1824 ge-
2746 1768 2748 1781 2

441 1812 720 1873 neraliter
764 1808 836 1869 de
885 1807 1314 1869 resurrectione
1362 1805 1635 1885 loquutus
1674 1807 1931 1881 videtur,
1988 1805 2265 1887 colligere
2304 1818 2521 1867 tamen
2568 1809 2703 1870 hcet

444 1910 512 1951 ex
551 1898 848 1959 contextu,
885 1885 957 1943 ab
998 1884 1206 1943 altiore
1245 1883 1535 1964 principio
1578 1904 1839 1943 exorsum
1880 1902 2033 1957 esse,
2074 1894 2135 1942 et
2173 1902 2265 1943 eas
2306 1882 2699 1945 circumstan-

441 1966 548 2025 tias
589 1962 946 2042 complexum
989 1978 1146 2033 esse,
1193 1978 1339 2039 quae
1379 1960 1618 2038 proprie
1658 1958 1999 2039 spectabant
2036 1956 2105 2019 ad
2146 1958 2323 2019 fidem
2364 1960 2697 2053 Evangelii.

440 2044 630 2101 Reum
669 2060 732 2097 se
773 2037 986 2095 factum
1029 2054 1151 2094 esse
1189 2054 1222 2093 a
1260 2034 1487 2094 Iudaeis
1508 2036 1910 2115 conqueritur,
1950 2035 2107 2114 quod
2134 2056 2299 2115 spem
2338 2040 2697 2115 promissio·

440 2116 532 2177 nis
569 2113 641 2173 ad
681 2113 884 2171 Patres
925 2112 1108 2169 sactae
1146 2123 1444 2169 assereret.
1546 2110 1857 2171 Exordium
1908 2130 2051 2191 ergo
2098 2110 2247 2170 istud
2306 2110 2461 2185 fuit,
2518 2126 2579 2174 at
2628 2134 2697 2173 ne

439 2191 590 2252 adeo
632 2186 986 2247 defensionis
1028 2185 1222 2257 cardo,
1261 2184 1468 2245 foedus
1508 2184 1665 2265 quod
1703 2186 1865 2247 Deus
1948 2188 2204 2269 epigerat
2243 2208 2379 2247 cum
2411 2188 2585 2251 Patri
2636 2212 2697 2249 us

443 2267 517 2329 ad
554 2276 848 2327 aeternam
887 2260 1134 2322 salutem
1169 2260 1397 2324 referri.
1474 2260 1672 2352 Quare
1710 2261 1851 2323 haec
1920 2262 2277 2345 :sputationis
2302 2286 2541 2327 summa
2568 2267 2695 2340 suit,

443 2343 603 2426 qnod
633 2341 791 2401 nulla
829 2350 980 2400 esset
1016 2338 1364 2400 Iudaeorum
1412 2340 1653 2422 religio,
1704 2339 1815 2401 nisi
1862 2340 1932 2401 ad
1974 2339 2171 2402 coelos
2220 2354 2425 2402 essent
2465 2345 2695 2420 attenti,

444 2435 505 2481 et
553 2417 802 2501 proinde
849 2415 1050 2477 oculus
1101 2416 1162 2474 in
1205 2415 1501 2478 Christum
1556 2436 1739 2477 novae
1787 2417 1941 2478 vitae
1990 2427 2287 2479 auctorem
2341 2417 2689 2504 dirigerent.

445 2495 876 2558 Gloriabantur
925 2513 987 2553 se
1037 2512 1104 2550 ex
1153 2493 1424 2553 omnibus
1473 2503 1667 2552 terrae
1716 2494 1944 2586 populis
1983 2491 2140 2554 solos
2182 2514 2210 2553 a
2250 2493 2533 2558 Domino
2577 2497 2691 2557 ele·
2745 2571 2746 2576 ἵ

443 2585 590 2634 ctos.
663 2569 845 2650 Atqui
883 2567 1041 2630 nulla
1081 2581 1205 2629 erat
1241 2569 1351 2630 ado
1399 2569 1577 2630 tionis
1614 2570 1846 2644 utilitas,
1887 2569 1997 2629 nisi
2030 2569 2355 2630 Mediator-e
2440 2575 2689 2634 remisso
2745 2579 2746 2627 ἰ

443 2649 582 2711 freti
620 2649 682 2708 in
719 2646 1134 2706 haereditatem
1171 2648 1337 2727 regni
1425 2645 1477 2704 ei
1517 2649 1890 2726 respicerent.
1964 2645 2153 2706 Multo
2180 2667 2327 2728 crgo
2366 2669 2407 2728 p
2436 2671 2506 2710 us
2546 2670 2691 2710 cou-

449 2727 650 2808 cipere
710 2724 883 2783 decet
950 2741 1120 2803 quam
1171 2733 1370 2802 aperte
1420 2723 1699 2802 exprimat
1742 2722 1947 2782 Lucas.
2044 2721 2122 2780 Et
2178 2735 2341 2784 certe
2392 2745 2523 2785 non
2578 2726 2689 2786 alio

517 2812 670 2862 cetat
708 2801 827 2860 eius
865 2797 1144 2872 narratio,
1181 2799 1295 2858 nisi
1319 2807 1400 2856 nt
1437 2798 1681 2858 sciamus
1720 2797 1793 2858 de
1832 2797 2043 2880 quibus
2081 2797 2421 2860 disseruerit
2456 2801 2689 2862 Paulus.
2743 2813 2744 2874 ζ

445 2823 614 2955 &uid
665 2888 858 2937 autem
907 2887 968 2934 et
1057 2873 1222 2934 uibus
1270 2873 1466 2936 verbis
1514 2872 1783 2936 subticet.
1871 2873 2109 2936 Interea
2162 2887 2430 2936 nostrum
2484 2890 2577 2938 est
2627 2897 2689 2937 ex
2743 2898 2744 2921 ¹

445 2955 612 3015 brevi
670 2971 890 3013 summa
952 2893 1260 3031 colligere,
1319 2969 1469 3030 quae
1528 2949 1601 3010 ad
1653 2951 2102 3032 disputationem
2162 2951 2309 3012 banc
2364 2953 2687 3033 pertinent,

445 3048 595 3110 quae
641 3025 828 3087 libere
875 3036 935 3086 et
983 3025 1042 3084 in
1089 3045 1238 3084 enne
1289 3047 1489 3087 coram
1526 3025 1787 3108 Agrippa
1830 3039 2079 3088 tractata
2112 3025 2251 3106 suit,
2298 3027 2405 3089 ubi
2454 3031 2689 3111 placide

446 3101 658 3190 agendi
698 3099 936 3162 facultas
976 3045 1232 3161 dabatur.

593 3185 650 3246 7.
723 3176 838 3239 Ad
867 3199 1040 3256 quam
1074 3175 1368 3238 duodecim
1402 3175 1583 3238 tribus
1617 3191 1719 3238 etc.
1798 3177 2133 3260 Expostulat
2159 3181 2313 3261 apud
2336 3177 2523 3262 Agrip
2568 3203 2689 3258 am,

445 3256 605 3340 qnod
645 3273 719 3314 eo
778 3256 1080 3335 prolapsus
1127 3255 1200 3314 sit
1236 3254 1531 3316 Ecclesiae
1578 3267 1791 3332 status,
1842 3267 1907 3315 ut
1955 3270 2301 3340 oppugnent
2347 3275 2511 3318 sacer
2550 3271 2685 3319 ote·

444 3350 814 3396 communem
852 3352 1013 3412 spem
1051 3331 1312 3392 omnium
1351 3330 1638 3406 fidelium,
1684 3333 1801 3393 acsi
1840 3332 2094 3410 diceret,
2144 3333 2447 3409 Quorsum
2496 3337 2681 3416 suspi-

444 3421 578 3471 rant
615 3427 819 3468 eorum
857 3420 1023 3482 vota,
1094 3409 1430 3544 quicunque
1480 3427 1547 3468 ex
1594 3419 1772 3490 gente
1820 3420 2022 3469 nostra
2056 3409 2303 3471 sollicite
2340 3409 2542 3470 Deum
2580 3433 2681 3472 co-

1139 3486 1222 3545 ies
1261 3485 1605 3566 impendunt
1642 3485 1711 3546 ad
1752 3483 1981 3566 pietatis
2018 3485 2244 3560 officia,
2294 3485 2407 3546 nisi
2448 3499 2517 3548 ut
2552 3499 2679 3548 tan-

448 3563 580 3624 dem
642 3561 712 3622 ad
775 3561 1160 3622 immortalem
1217 3562 1390 3622 vitam
1454 3559 1837 3642 perveniant?
1922 3559 2105 3642 Atqui
2152 3561 2305 3622 idem
2359 3573 2451 3622 est
2504 3565 2679 3624 totius

447 3640 745 3701 doctrinae
783 3657 946 3697 meae
985 3657 1228 3717 scopus,
1280 3638 1411 3729 quia
1462 3636 1561 3695 ubi
1608 3635 2029 3717 redemptionis
2082 3637 2264 3720 gratia
2304 3641 2679 3720 proponitur,

444 3715 614 3778 simul
651 3715 910 3794 aperitur
947 3713 1114 3774 ianua
1153 3733 1318 3797 regnu
1357 3713 1676 3774 coelorum.
1763 3713 1839 3772 Et
1878 3733 2055 3794 quum
2106 3713 2383 3794 praedico
2433 3735 2470 3774 a
2520 3737 2675 3776 naor-

441 3794 561 3852 tuis
621 3791 926 3852 excitatum
986 3790 1180 3851 salutis
1244 3803 1573 3862 auctorem,
1636 3789 1909 3870 primitias
1970 3789 2173 3852 beatae
2230 3789 2675 3852 immortalitatis

444 3865 638 3928 offero
676 3868 742 3926 in
783 3868 903 3926 eins
985 3885 1207 3926 ersona.
1281 3865 1370 3926 Ita
1408 3865 1680 3948 superior
1716 3865 2017 3926 doctrinae
2054 3865 2423 3927 confirmatio
2466 3887 2539 3928 ex
2568 3867 2675 3928 Dei

441 3945 628 4004 verbo
666 3953 892 4022 sumpta
943 3943 1048 4015 uit,
1087 3963 1262 4022 quum
1287 3943 1555 4002 Patribus
1599 3941 1803 4002 saetam
1842 3943 2285 4025 promissionem
2322 3941 2386 4002 iu
2424 3943 2673 4004 medium

439 4016 780 4081 adduceret:
821 4037 977 4078 nunc
997 4019 1253 4078 secundo
1293 4018 1428 4080 loco
1467 4017 1730 4109 adiungit
1750 4017 2045 4079 Ecclesiae
2068 4039 2436 4079 consensum.
2488 4019 2677 4098 Atque
2735 4061 2736 4093 ¹

442 4095 590 4154 haec
627 4094 886 4176 legitima
923 4104 1009 4154 est
1057 4095 1116 4150 in
1157 4095 1479 4154 asserendis
1518 4091 1653 4154 fidei
1694 4093 2059 4177 dogmatibus
2102 4095 2278 4170 ratio,
2326 4105 2397 4154 ut
2444 4107 2677 4175 praeeat

441 4170 560 4229 Dei
611 4170 956 4243 auctoritas,
1003 4168 1212 4230 deinde
1260 4171 1499 4230 accedat
1546 4169 1839 4232 Ecclesiae
1885 4171 2063 4232 suffra
2107 4171 2243 4232 atio.
2324 4169 2675 4264 Quanquam
2732 4221 2734 4234 .

439 4244 612 4304 simul
697 4244 974 4304 rudenter
1010 4243 1306 4308 habendus
1347 4256 1436 4306 est
1471 4265 1643 4306 verae
1680 4245 1977 4308 Ecclesiae
2016 4247 2087 4306 de
2114 4260 2307 4322 ectus,
2356 4246 2531 4308 sicuti
2570 4269 2675 4308 nos

441 4335 642 4398 exemp
669 4339 704 4378 o
742 4339 850 4379 suo
891 4317 988 4380 bic
1023 4319 1235 4381 Paulus
1273 4317 1485 4384 docet:
1525 4321 1781 4402 quamvis
1820 4323 1975 4383 enim
2012 4323 2189 4384 sciret
2220 4315 2527 4384 Ecclesiae
2563 4324 2675 4384 lar·
