2788 4713
98 4263 130 4281 N

271 196 391 269 ιω
504 214 507 217 ’
826 158 845 171 ’
964 258 977 268 ,
1060 176 1152 259 m
1188 184 1426 257 ac‘rx
1451 186 1746 260 apost

283 338 359 405 ad
404 334 734 423 legitimum
792 331 1049 398 mandati
1098 356 1267 398 usum
1316 334 1570 417 requiri,
1628 344 1698 397 ut
1746 330 2064 413 splr'itualls
2113 330 2252 395 assit
2308 330 2549 395 veritas.

286 416 433 493 Quo
486 437 557 477 co
606 413 759 477 fesso
810 412 881 472 lis
930 410 1131 473 similis
1180 424 1336 488 crat,
1399 432 1570 492 quam
1627 410 1869 472 diximus
1915 409 2202 471 versatam
2251 408 2428 471 fuisse
2479 408 2554 469 in
2637 470 2664 485 ,

286 492 405 555 boc
446 513 545 554 car
587 492 712 566 ine,
755 488 987 551 Cedere
1028 489 1287 551 debeant
1324 508 1516 549 necne
1551 486 1798 547 umbrae
1839 486 2098 567 corpori.
2177 484 2360 561 Quod
2401 485 2556 545 dici·-

284 580 385 633 tur
431 570 629 631 Moses
669 567 949 649 somam
981 563 1225 641 vidi-sse,
1272 584 1345 625 eo
1392 563 1680 659 siguificat
1719 562 1834 623 Dei
1875 562 2160 644 Spiritus,
2201 584 2324 622 nou
2365 559 2556 622 licere

285 645 462 707 nobis
503 643 716 705 formas
754 663 864 723 pro
904 640 1149 703 arbitrio
1191 639 1574 715 comminisci,
1609 638 1713 699 sed
1750 640 1814 701 in
1855 638 2046 700 forma
2082 660 2115 699 a
2137 639 2272 699 Deo
2313 650 2560 699 ostensa

290 721 507 783 defixos
548 738 672 781 esse
710 738 747 781 o
794 730 993 779 ortere
1034 738 1239 779 omnes
1278 729 1515 777 nostros
1553 737 1784 788 sensae,
1845 728 1912 777 ut
1967 716 2043 779 ad¹
2091 736 2216 777 eam
2255 715 2559 777 formetur

290 810 419 861 tota
453 796 559 858 reli
604 796 683 855 io.
829 815 1004 856 omen
1041 797 1165 871 typi
1203 794 1315 854 hoc
1356 793 1490 853 loco
1531 794 1872 873 primarium
1912 791 2204 874 exemplar
2239 790 2562 874 significat,

290 873 453 957 quod
492 817 637 935 ηἱξίῑ
675 870 833 931 aliud
874 882 959 931 est
999 892 1170 951 quam
1208 856 1522 951 spiritualis
1563 869 1790 930 veritas.

440 955 538 1016 45.
619 946 794 1031 Quod
823 944 1199 1007 indumen-imi.
1275 947 1413 1007 Hoc
1451 944 1526 1007 ad
1573 945 1900 1028 augendam
1935 944 2130 1028 gentis
2167 943 2564 1027 pervicaciam

294 1026 469 1103 facit,
529 1026 690 1106 quod
741 1044 921 1107 quum
975 1022 1417 1084 tabernaculum
1479 1023 1632 1104 apud
1686 1044 1787 1083 eos
1827 1034 2126 1098 maneret,
2189 1032 2366 1101 atque
2405 1020 2566 1081 illud

290 1114 595 1188 gestarent
632 1120 986 1182 quocunque
1024 1100 1562 1181 proficiscerentur,
1603 1096 1962 1160 non'Iamen
2003 1100 2309 1180 potuerint
2346 1098 2406 1157 in
2433 1097 2568 1159 Dei

295 1180 635 1243 testimonio
700 1176 971 1255 retineri,
1031 1176 1135 1237 sed
1195 1175 1420 1257 perfida
1477 1176 1714 1239 levitate
1775 1176 1836 1235 in
1887 1176 2110 1237 alienos
2159 1186 2220 1235 et
2265 1172 2564 1255 profanos

284 1258 441 1323 -ritus
479 1255 841 1325 transierint,
901 1272 1113 1333 nempe
1154 1264 1443 1315 testantes
1494 1254 1559 1314 in
1609 1251 1943 1328 medior-sui
1997 1252 2170 1311 deum
2211 1250 2476 1313 habitare
2521 1272 2566 1315 a

298 1330 1231 1473 3¹⁰÷fizmd352¹¹¹⁰ffi32²¹22oe322
1248 1350 1446 1487 ‘¹33³
1517 1324 2570 1469 ‘gfflgiabbffiaisssssse‘53133‘25533

299 1484 587 1548 miraculis
627 1481 907 1543 ornabat:
971 1482 1233 1544 victoriis
1290 1483 1447 1543 enim
1502 1483 1715 1564 quibus
1807 1482 1944 1543 otiti
1995 1493 2132 1543 sunt
2167 1477 2370 1541 Iudaei
2421 1502 2573 1541 san-

302 1562 419 1625 cita
460 1560 572 1620 suit
610 1558 760 1621 illius
801 1559 1077 1641 dignitas,
1139 1572 1206 1620 ut
1256 1571 1417 1640 patet
1465 1579 1535 1619 ex
1581 1582 1755 1641 comp
1783 1559 1980 1621 uribus
2027 1577 2227 1619 sacrae
2276 1557 2572 1635 historiast

298 1634 465 1699 locis.
542 1634 731 1695 Valde
773 1655 918 1718 ergo
960 1635 1319 1717 praefractos
1361 1635 1538 1697 fuisse
1577 1656 1816 1697 necesse
1868 1648 1987 1712 est,
2051 1634 2154 1717 qui
2191 1656 2226 1697 a
2264 1633 2428 1697 cultu
2464 1644 2575 1697 tot

303 1712 495 1777 modis
535 1712 863 1793 approbato
906 1712 1156 1773 subinde
1196 1711 1421 1773 resilire
1459 1733 1584 1785 non
1626 1712 1994 1773 destiterunt.

464 1788 657 1869 Usque
687 1786 777 1848 ad
808 1786 929 1849 dies
964 1786 1237 1849 Davidis.
1316 1789 1580 1849 Tametsi
1620 1788 1720 1849 diu
1759 1789 1820 1849 in
1861 1788 1992 1849 Silo
2045 1786 2359 1849 stationem
2396 1808 2576 1851 suam

302 1864 577 1929 babuerit
612 1885 743 1956 arca
764 1864 1308 1957 1.)⁰¹¹¹3¹¹3„(,1·,5³¹¹,¹·
1346 1872 1406 1939 1,
1441 1870 1535 1929 24.
1559 1878 1622 1926 et
1639 1872 1700 1940 4,
1739 1869 1822 1943 3.)
1863 1886 1988 1959 non
2025 1875 2447 1956 tamen-usque
2489 1862 2576 1925 ad

303 1962 450 2080 '¹2:5¹¹
456 1942 1042 2103 lffiugaillimelligssb
1054 1942 1154 2093 ,lus¹
1154 2039 1185 2077 e
1191 1942 1337 2078 {meto
1345 1941 1577 2078 ἦίΐξῗᾶ
1581 2038 1613 2077 a
1623 1944 1880 2079 Nsfxiltmin
1887 1939 2576 2097 egbmlozgniiiibtin'sDffi

212 2108 219 2113 '
306 2096 499 2157 minus
546 2106 956 2168 monstrasset,
1029 2096 1201 2155 sicuti
1250 2094 1720 2175 Mosesssaepius
1777 2095 2064 2155 meminit.
2159 2095 2372 2175 Neque
2417 2113 2574 2157 vero

266 2184 281 2201 ⁸
306 2170 497 2231 David
538 2171 660 2251 ipse
700 2170 771 2233 ab
812 2170 1081 2233 hostibus
1131 2184 1426 2251 receptam
1467 2192 1636 2231 ausus
1677 2182 1767 2232 est
1803 2171 1864 2231 in
1916 2192 2109 2231 aream
2147 2170 2421 2231 Areunae
2463 2171 2576 2231 ad·

310 2247 549 2323 ducere,
590 2246 783 2309 donec
820 2246 905 2306 illi
988 2268 1052 2307 er
1074 2247 1345 2329 angelum
1388 2268 1420 2308 e
1459 2246 1630 2309 coelo
1659 2259 1901 2309 testatus
1943 2261 2030 2308 est
2057 2246 2372 2321 Domitius,
2409 2245 2577 2309 illam

312 2324 437 2386 esse
476 2322 675 2385 sedem
716 2346 887 2406 quam
928 2269 1017 2385 ege
1064 2338 1187 2388 erat
1249 2323 1359 2404 (11.
1401 2323 1557 2384 Sam.
1595 2330 1693 2400 24,
1731 2326 1874 2404 18.).
1949 2326 2092 2387 Nou
2131 2323 2427 2386 immerito
2467 2344 2578 2384 au-

309 2414 432 2464 tem
474 2399 586 2462 hoc
626 2402 685 2461 in
723 2401 809 2472 sin
856 2401 1000 2462 ulari
1092 2403 1145 2462 ei
1184 2401 1475 2462 beneficio
1519 2401 1760 2483 deputat
1781 2401 2134 2483 Stephanus,
2173 2401 2334 2482 quod
2367 2413 2580 2462 osten·-

312 2501 407 2540 sus
460 2477 573 2538 suit
622 2477 787 2539 locus
814 2422 1066 2555 ffiavffli,
1126 2479 1189 2539 in
1242 2500 1361 2559 quo
1401 2478 1596 2538 Deum
1649 2479 1893 2560 posthac
1933 2477 2230 2541 Israelitae
2283 2475 2579 2539 colerent.

313 2553 483 2616 Sicut
518 2553 581 2614 in
622 2554 1030 2632 Psalmo'122,
1073 2562 1161 2630 1.‚
1223 2567 1498 2634 tanquam
1537 2554 1645 2615 alia
1686 2576 1914 2630 renon
1951 2555 2046 2616 vul
2092 2556 2176 2616 ari
2216 2553 2330 2616 sibi
2368 2565 2580 2636 gratu-

311 2629 495 2693 latur:
532 2631 809 2694 Laetatus
832 2655 959 2694 sum
1000 2637 1059 2695 in
1087 2633 1414 2693 dicentibus
1453 2629 1615 2708 mihi,
1655 2633 1726 2692 In
1769 2632 2006 2692 domum
2079 2631 2297 2692 ehovae
2335 2631 2582 2707 ibimus,

314 2706 551 2771 stabiles
592 2719 766 2768 erunt
814 2709 993 2789 pedes
1040 2710 1229 2770 nostri
1276 2710 1337 2768 in
1382 2709 1542 2769 atriis
1592 2708 1706 2768 tuis
1745 2709 2079 2768 Ierusalem.
2167 2706 2584 2770 Coniunctum

316 2795 443 2845 erat
478 2785 871 2845 sacerdotium
910 2807 1041 2845 cum
1082 2806 1288 2868 regno.
1376 2785 1540 2868 Ergo
1587 2785 1650 2844 in
1701 2787 1956 2846 statione
2009 2805 2176 2846 arcae
2235 2782 2407 2876 regni
2457 2795 2582 2845 sta-

315 2857 515 2919 bilitas
554 2859 764 2919 Davidi
806 2863 1151 2921 ostenditur.
1230 2862 1375 2922 Ideo
1415 2873 1536 2920 tam
1577 2862 1743 2920 anxie
1786 2862 1898 2924 boc
1941 2875 2169 2942 optasse
2211 2861 2455 2936 dicitur,
2509 2873 2584 2920 ut

316 2932 551 2998 solenni
589 2948 731 2996 voto
773 2957 834 2996 se
870 2937 1289 3020 obstringeret,
1327 2959 1450 2998 non
1491 2958 1553 2996 se
1587 2938 1746 3017 prius
1787 2939 2178 3002 habitaturum
2217 2937 2380 2996 domi
2417 2957 2583 3012 suae,

318 3031 445 3072 uon
486 3009 752 3070 daturum
792 3029 1061 3072 somnum
1104 3014 1320 3089 oculis,
1399 3033 1511 3073 nec
1563 3013 1855 3094 palpebris
1905 3015 2019 3076 suis
2075 3014 2582 3092 dormitationem,

317 3087 511 3148 donec
562 3087 738 3146 sciret
796 3087 991 3148 locum
1042 3089 1306 3149 Domino
1374 3099 1436 3148 et
1471 3089 1924 3150 ¹tabernaculum
1979 3091 2113 3151 Deo
2165 3089 2586 3164 Iacob.(Psal.

318 3167 454 3237 132,
490 3167 589 3254 33).
675 3164 869 3224 Porro
908 3161 1129 3225 'Davidi
1180 3177 1447 3226 ostensus
1499 3166 1611 3224 fuit
1657 3166 1822 3227 locus
1875 3169 1949 3242 (Ι.
1986 3168 2134 3252 Reg.
2175 3175 2234 3246 5,
2273 3166 2379 3246 5.).
2469 3166 2584 3230 Sa·-

234 3313 239 3326 Ι
319 3237 547 3302 lomoni
586 3257 728 3299 vero
770 3241 1115 3320 permissum
1158 3253 1245 3302 est
1282 3253 1402 3300 tem
1448 3240 1565 3300 lum
1608 3255 1922 3305 exstruere.

472 3322 567 3382 47.
644 3315 927 3377 Salomon
962 3316 1309 3398 aedificavit.
1445 3319 1644 3380 idetur
1681 3319 1773 3379 hic
1815 3321 2055 3402 oblique
2097 3319 2428 3400 Stephanus
2468 3317 2586 3380 Sa-

323 3390 626 3452 lomonem
668 3394 1096 3476 perstringere,
1160 3395 1320 3476 quasi
1356 3394 1473 3454 Dei
1523 3407 1786 3456 naturam
1835 3419 1960 3458 non
2014 3397 2331 3477 respexerit
2377 3395 2440 3454 in
2483 3416 2584 3455 ex·-

323 3468 605 3532 struendo
644 3469 898 3548 templo:
939 3483 1131 3530 tamen
1158 3493 1305 3552 opus
1345 3471 1488 3531 illud
1529 3495 1650 3532 non
1693 3474 1911 3550 absque
1937 3473 2052 3534 Dei
2089 3476 2246 3534 iussu
2279 3493 2584 3556 aggressus
2632 3504 2643 3516 -

326 3555 433 3606 est.
511 3543 729 3604 Addita
768 3546 881 3604 fuit
920 3549 1092 3606 etiam
1132 3549 1477 3630 promissio,
1540 3571 1653 3630 qua
1693 3563 1933 3610 testatus
1975 3562 2062 3610 est
2098 3551 2261 3612 Deus
2301 3571 2364 3610 se
2451 3569 2584 3608 rae-

324 3631 555 3682 sentem
594 3620 713 3682 illic
750 3622 867 3682 suis
909 3625 1117 3684 affore.
1195 3626 1578 3706 Respondeo‚
1663 3647 1798 3685 uum
1837 3638 2012 3708 negat
2038 3627 2368 3707 Stephanus
2387 3569 2586 3690 lecum

326 3695 593 3761 habitare
630 3699 691 3757 in
730 3700 965 3776 templis
1002 3702 1376 3778 manufactis,
1435 3703 1504 3762 ad
1549 3649 1929 3784 Salomonem
1969 3703 2028 3762 id
2069 3706 2309 3763 minime
2350 3701 2584 3775 referri,

328 3772 432 3854 qui
478 3775 612 3836 satis
652 3777 895 3856 agnovit
944 3778 1341 3856 quaerendum
1382 3779 1444 3838 in
1485 3780 1654 3841 coelo
1697 3779 1891 3838 Deum
1933 3801 2090 3854 csse,
2131 3792 2190 3839 et
2231 3779 2368 3840 illuc
2407 3777 2584 3838 attol-

328 3849 531 3916 lendas
578 3849 691 3909 fide
744 3872 867 3911 esse
920 3865 1171 3914 mentes:
1224 3855 1386 3934 quod
1439 3856 1612 3916 etiam
1649 3854 1880 3917 solenni
1961 3878 2092 3916 uam
2134 3854 2340 3916 habuit
2376 3875 2584 3936 preca-

328 3928 496 3988 tione
537 3927 749 4006 diserte
796 3930 1087 4007 praefatus
1142 3942 1232 3992 est
1278 3933 1351 4006 (Ι.
1392 3931 1540 4014 Reg.
1579 3937 1648 4008 8,
1697 3931 1856 4008 27.)‚
1955 3931 2098 3993 *oeli
2159 3933 2465 3992 coelorum
2525 3943 2588 3988 te

331 4023 459 4064 uon
499 4004 763 4087 capiunt,
822 4018 883 4066 et
936 4018 1156 4086 quanto
1204 4011 1396 4068 minus
1435 4010 1642 4068 domus
1681 4008 1861 4069 haec?
1899 4010 2002 4070 sed
2039 4009 2246 4103 populi
2285 4020 2588 4088 stuporem

330 4081 743 4159 reprehendit,
784 4083 887 4162 qui
926 4083 1147 4163 templo
1189 4085 1400 4144 abusus
1443 4098 1562 4158 est,
1604 4087 1766 4164 quasi
1807 4087 2002 4146 Deum
2042 4086 2149 4146 sib1
2192 4085 2440 4146 haberet
2479 4083 2588 4144 ob-

332 4156 617 4218 strictum.
708 4159 892 4233 Quod
944 4159 1148 4222 clarius
1200 4173 1365 4241 patet
1414 4182 1481 4222 ex
1519 4163 1739 4222 Iesaiae
1779 4169 1885 4237 66,
1923 4170 1979 4227 1.
2029 4163 2372 4222 testimonio
2427 4157 2586 4240 quod

335 4231 503 4314 simul
545 4239 802 4296 attexuit.
880 4235 1064 4318 Deus,
1102 4239 1315 4318 inquit,
1352 4238 1638 4320 templum
1677 4239 1790 4300 sibi
1827 4239 2017 4300 voluit
2099 4261 2164 4299 er
2202 4237 2586 4298 Salomonem

336 4310 583 4386 exstrui,
648 4313 754 4374 sed
812 4313 997 4399 longe
1055 4326 1328 4378 errarunt
1378 4317 1480 4400 qui
1539 4333 1674 4378 eum
1727 4315 1911 4379 veluti
1959 4317 2058 4378 inc
2081 4333 2248 4378 usum
2303 4321 2588 4396 putarunt
