2788 4713
1004 244 1280 308 carm·
1318 235 1567 304 xxvn.
2281 259 2398 324 479
2485 217 2492 226 ’

222 475 235 488 .
312 397 419 463 33.
470 395 555 463 Et
601 415 795 483 quum
838 390 981 458 dies
1016 395 1335 480 inciperet
1374 412 1706 479 apparere,
1743 389 2118 465 hortabatur
2155 398 2394 469 Paulus

115 519 379 564 omnes
421 517 673 562 sumere
717 493 956 572 cibum,
1009 493 1264 572 dicens,
1302 494 1466 560 Dies
1507 493 1612 560 hic
1653 492 1937 566 decimus
1977 509 2238 582 quartus
2282 511 2394 583 est,

114 597 330 684 quod
393 597 855 684 exspectantes
894 593 1097 661 ieiuni
1155 596 1544 681 permanetis
1591 591 1756 659 nibil
1809 597 2208 680 accipientes.
2288 605 2372 670 34

110 699 431 785 Propter
468 696 649 784 quod
690 696 918 762 hortor
953 716 1103 775 vos,
1158 705 1231 761 ut
1284 698 1544 760 sumatis
1597 693 1838 760 cibum:
1903 695 2030 765 hoc
2083 705 2254 772 enim
2305 707 2392 772 ad

115 798 419 863 salutem
461 807 737 864 vestram
789 796 1098 884 pertinet,
1134 797 1303 884 *quia
1354 794 1598 862 nullius
1651 805 1931 861 vestrum
1985 799 2255 885 capillus
2308 805 2392 872 de

118 901 361 986 capite
406 898 617 976 cadetae
688 897 792 963 35.
844 896 928 961 Et
969 918 1163 982 quum
1204 896 1369 961 liaec
1411 895 1700 976 dixisset,
1753 907 2007 985 sumpto
2049 921 2221 986 pane
2256 925 2395 989 gra-

31 991 33 1096 :
114 1003 259 1064 tias
303 1001 436 1084 egit
462 1000 613 1065 Deo
656 999 725 1062 in
767 1006 1117 1083 conspectu
1156 999 1458 1079 omnium,
1501 1007 1566 1063 et
1605 1019 1798 1086 quum
1831 998 2141 1085 fregisset,
2179 1010 2397 1092 coepit

31 1143 34 1174 f
122 1099 364 1164 edere.
446 1101 547 1166 36.
586 1099 795 1164 Ροιτο
840 1099 1063 1162 animis
1100 1099 1229 1164 iam
1272 1100 1577 1178 recreati,
1616 1117 1841 1165 omnes
1882 1116 2287 1190 sumpserunt
2330 1117 2397 1176 et

31 1225 37 1256 ι
120 1203 265 1286 ipsi
312 1197 547 1266 cibum.
626 1201 727 1265 37.
780 1198 1253 1265 Eramus·vero
1294 1201 1634 1266 universae
1671 1202 1918 1266 animae
1972 1203 2040 1266 in
2082 1208 2232 1272 navi
2279 1207 2406 1289 ἁμέ

31 1301 35 1396 f
125 1312 378 1367 centae
416 1302 819 1386 septuaginta
858 1319 987 1364 sex.
1065 1299 1181 1364 38:
1209 1299 1294 1364 Et
1315 1300 1522 1366 satiati
1549 1297 1697 1366 cibo
1741 1299 2110 1370 allevabant
2145 1328 2394 1392 navem,

126 1405 481 1468 eiicientes
514 1401 789 1464 triticum
832 1401 901 1464 in
942 1419 1134 1464 mare.
1200 1399 1301 1464 39.
1346 1399 1566 1485 Quum
1607 1409 1818 1466 autem
1861 1387 2002 1468 dies
2044 1417 2227 1486 esset,
2267 1419 2395 1476 ter-

124 1525 275 1568 ram
320 1522 459 1569 non
503 1497 963 1586 agnoscebant:
1004 1501 1212 1564 sinum
1245 1495 1405 1565 vero
1446 1497 1767 1587 quendam
1807 1503 2394 1580 animadverterunt

124 1600 491 1667 habentem
530 1599 709 1679 litus,
763 1603 829 1666 in
884 1599 1061 1687 quod
1116 1597 1482 1692 cogitabant
1537 1603 1776 1666 eiicere
1826 1619 2073 1670 navem.
2155 1611 2256 1676 4⁰.
2305 1612 2394 1678 Et

128 1723 339 1789 quum
404 1721 674 1766 ancoras
740 1699 1169 1778 sustulissent,
1242 1697 1745 1766 committebam
1788 1723 1860 1767 se
1927 1707 2118 1771 mari:
2199 1712 2389 1776 simul

130 1803 369 1869 laxatis
429 1801 739 1868 iuncturis
797 1798 1409 1886 gubernaculorum,
1451 1811 1542 1882 et,
1607 1800 1865 1868 sublato
1919 1815 2248 1875 artemone
2303 1811 2389 1878 ad

130 1925 338 1968 aurae
376 1903 615 1984 flatum,
652 1899 1007 1968 tendebant
1046 1901 1129 1966 ad
1168 1901 1337 1968 litus.
1409 1901 1512 1968 41.
1553 1901 1771 1988 Quum
1807 1923 1967 1970 vero
2015 1908 2392 1978 incidissent

132 2008 206 2070 in
230 2005 447 2071 locum
468 2003 792 2081 bimarem,
834 2005 1235 2089 impegerunt
1278 2023 1534 2068 navem:
1576 2025 1652 2066 ac
1671 2023 1866 2087 prora
1893 2005 2153 2091 quidem
2189 2013 2387 2080 infixa

93 2080 439 2172 ’manebat
494 2101 861 2181 immobilis,
932 2103 1167 2189 puppis
1214 2124 1376 2168 vero
1430 2101 1806 2168 solvebatur
1857 2123 1892 2168 a
1940 2108 2005 2170 vi
2056 2107 2388 2184 undarum]
2513 2115 2525 2124 “

31 2231 35 2264 ε
128 2208 241 2272 42.
292 2185 500 2272 Pforro
544 2203 809 2270 militum
850 2202 1185 2270 consilium
1230 2214 1412 2290 erat,
1439 2215 1510 2271 ut
1551 2208 1800 2275 vinctos
1841 2207 2244 2290 occiderent,
2299 2237 2388 2281 ne

31 2309 33 2338 ⁵
132 2309 300 2395 quis,
340 2315 680 2393 postquam
723 2313 1058 2383 enatasset,
1098 2302 1448 2388 aufugeret.
1530 2305 1631 2371 43.
1673 2307 1758 2372 At
1788 2303 2124 2388 Centurio,
2157 2311 2387 2381 voleus

31 2410 33 2417 '
130 2428 397 2474 servare
436 2406 735 2487 Paulum,
789 2404 1123 2492 prohibuit
1165 2424 1281 2470 eos
1322 2426 1357 2469 a
1415 2402 1718 2483 consilio,
1771 2408 2112 2493 iussitque,
2161 2422 2232 2476 ut
2275 2416 2384 2499 qui

31 2540 33 2557 =
128 2518 402 2598 possent
440 2516 687 2586 natare,
728 2504 1083 2573 abiicerent
1122 2525 1195 2569 se
1234 2504 1494 2590 primos,
1535 2514 1600 2569 et
1639 2506 1708 2571 in
1745 2515 1976 2573 terram
2020 2508 2386 2593 evaderent,

31 2638 33 2649 f
132 2609 241 2674 44.
298 2607 695 2695 Caeterique
748 2608 973 2694 partim
1018 2606 1085 2669 in
1133 2602 1398 2683 tabulis,
1446 2607 1672 2692 partim
1729 2609 1794 2673 in
1839 2606 2132 2694 reliquiis
2171 2614 2384 2677 navist

135 2722 207 2776 et
246 2713 338 2775 sic
379 2709 611 2775 factum
652 2718 775 2788 cst,
811 2718 881 2772 ut
923 2726 1148 2773 omncs
1188 2702 1545 2779 incolumes
1588 2704 1940 2773 evaderent
1979 2709 2048 2774 iu
2091 2718 2342 2778 terram.

286 2990 380 3051 33.
454 2980 541 3043 B·
572 3004 747 3063 qucum
780 2978 903 3042 dies
935 2983 1229 3057 inciperet.
1288 2977 1590 3061 Quicquid
1629 2980 1950 3043 coniiciant
1987 2996 2218 3060 nautae,
2255 3006 2380 3047 non

136 3061 363 3124 vacillat
398 3060 567 3120 Pauli
604 3060 767 3131 fides,
803 3059 903 3119 sed
947 3070 1287 3119 constanter
1320 3058 1381 3117 in
1422 3060 1868 3139 promissionem
1905 3060 2016 3121 sibi
2057 3061 2246 3123 datam
2285 3078 2382 3123 re·-

134 3138 383 3201 cumbit:
422 3156 617 3216 neque
655 3137 811 3196 enim
848 3146 1071 3195 mutum
1114 3132 1380 3195 hortatur
1416 3133 1490 3194 ad
1525 3133 1866 3195 sumendum
1906 3136 2133 3212 cibum,
2182 3149 2249 3199 ut
2279 3138 2380 3200 ille

136 3220 203 3277 in
238 3215 433 3274 ultima
474 3212 882 3291 desperatione
920 3211 1003 3271 sic
1041 3210 1317 3291 loquutus
1358 3210 1576 3285 fertur,
1619 3210 1912 3271 Prandete
1954 3214 2194 3288 milites,
2243 3236 2380 3277 nam

135 3292 288 3373 apud
326 3288 547 3351 inferos
586 3287 981 3361 coenabimns,
1016 3289 1117 3349 sed
1156 3288 1217 3347 in
1256 3286 1534 3349 vaticinio
1557 3305 1666 3347 suo
1696 3287 2010 3366 persistens
2050 3289 2212 3352 bono
2251 3310 2377 3355 esse

136 3369 331 3431 animo
370 3365 554 3424 iubet.
630 3362 701 3421 Io
742 3384 816 3423 eo
866 3383 928 3423 se
980 3364 1178 3441 prodit
1226 3362 1311 3422 vis
1357 3362 1526 3436 fidei,
1573 3362 1708 3421 dum
1759 3363 1831 3424 ad
1876 3365 2217 3445 patientiam
2263 3388 2376 3431 nos

138 3456 336 3537 armat,
371 3454 434 3503 et
470 3440 801 3533 contrarios
834 3438 1115 3511 insultus,
1206 3438 1377 3499 uibus
1415 3458 1542 3498 eam
1582 3438 1952 3533 quaet-'acere
1989 3442 2232 3535 molitur
2262 3445 2378 3505 Sa-

137 3516 1341 3687 12223232?sensisses&
1348 3514 1686 3651 {1:¹⁶
1725 3514 2378 3686 &assistitis

140 3694 279 3809 :53:¹⁸
324 3692 403 3808 22?
446 3690 737 3805 3331..
754 3666 1465 3825 fittssffsszssssssffissftzt}
1478 3666 1782 3805 ’iiiia-‘2¹13
1803 3671 2374 3827 2³330¹332¹¹22553¹3

142 3823 419 3887 insolitam
460 3822 576 3883 cibi
615 3820 1053 3915 abstinentiam:
1104 3820 1239 3901 quia
1289 3819 1450 3910 iustq
1495 3822 1762 3882 convivio
1815 3843 2112 3900 nunquam
2164 3822 2370 3883 refecti

144 3896 2368 4065 {ssssss‘nttietzffmqflit⁶‚‡t?„¹.’⁰?;.3313⁹2;„{:¹2⁰{221²d223÷'3{¹35‚‘afim

144 4051 375 4113 affirmat
408 4054 694 4127 victuros,
732 4051 914 4111 modo
952 4052 1175 4111 animos
1214 4046 1514 4129 colligant.
1555 4048 1814 4141 ‘Fidum‘
1835 4068 1988 4107 enim
2031 4048 2216 4109 Verbi
2251 4072 2370 4109 mi..

142 4128 367 4189 nistrum
406 4138 647 4209 eportet
682 4147 807 4187 non
860 4126 1279 4207 promissiones
1324 4124 1504 4184 modo
1551 4146 1614 4185 in
1659 4124 1912 4185 medium
1964 4123 2216 4201 afferre,
2261 4125 2366 4187 sed

148 4204 433 4265 consilium
480 4201 649 4264 simul
676 4202 915 4263 'addere
996 4214 1065 4262 ut
1112 4200 1377 4261 bomines
1423 4198 1614 4260 Deum
1661 4208 1968 4261 vocantem
2026 4212 2366 4281 sequantur,

148 4298 259 4341 non
290 4290 483 4343 antem
520 4278 717 4361 ignavi
752 4289 819 4341 et
852 4276 929 4341 be
1032 4298 1095 4341 es
1132 4276 1391 4339 sedeant.
1451 4275 1646 4339 Porro
1681 4294 1882 4339 sensns
1901 4275 2216 4346 verborum
2255 4289 2366 4357 est,
