2788 4713
353 266 476 333 ωε
1185 252 1278 323 m
1313 248 1540 325 Aen
1578 220 1869 323 APOST.

363 406 567 471 cbielis
603 425 855 490 persona
893 404 1056 467 Dens
1091 392 1466 481 praescribit:
1528 405 1743 481 Sume,
1789 402 2015 485 inquit,
2064 422 2133 467 ex
2168 422 2279 469 ore
2314 422 2453 469 meo
2500 424 2642 469 ser-

359 506 604 549 monem
643 496 706 547 et
743 480 1118 549 annuntiabis
1156 480 1274 545 illis
1311 502 1382 545 ex
1418 503 1515 545 me
1550 482 1793 559 (Ezecb.
1828 486 1927 559 33,
1964 482 2071 561 7.).

527 666 631 733 34.
713 664 944 730 Petrus
998 672 1212 729 autem
1271 662 1571 749 aperiens
1625 682 1701 727 os
1754 658 1939 741 dixit,
2000 661 2075 727 In
2130 664 2404 728 veritate
2461 684 2647 729 com·

362 771 580 856 perio,
647 764 826 854 quod
879 786 1016 831 non
1071 766 1152 829 sit
1203 782 1624 850 personarum
1678 772 1981 851 acceptor
2032 760 2248 829 Deus:
2340 766 2445 831 35.
2498 764 2641 831 Sed

361 874 436 938 in
479 870 656 936 omni
697 876 914 951 gente,
953 866 1066 951 qui
1107 867 1290 931 timet
1327 884 1473 927 eum
1514 870 1583 927 et
1623 860 1773 927 facit
1811 864 2145 942 iustitiam,
2188 874 2493 952 acceptus
2538 878 2645 934 est

365 974 445 1038 ei.
527 970 632 1037 36.
673 966 779 1033 De
817 986 916 1045 re,
958 985 1149 1052 quam
1191 966 1361 1029 misit
1400 962 1585 1028 Deus
1619 961 1778 1028 filiis
1820 962 2041 1043 lsrael,
2083 968 2471 1047 annuntians
2522 988 2645 1054 pa-

359 1093 502 1139 cem
545 1090 666 1159 per
703 1068 914 1133 lesum
951 1064 1284 1133 Christum
1324 1062 1461 1145 (hic
1501 1073 1599 1129 est
1640 1065 1923 1129 omnium
1944 1060 2315 1147 Dominus),
2352 1086 2475 1132 vos
2514 1088 2647 1135 no-

357 1176 506 1251 etis,
569 1166 902 1257 quomodo
943 1162 1238 1230 Verbum
1289 1186 1581 1255 sparsum
1635 1162 1833 1233 fuerit
1882 1184 2005 1253 per
2056 1174 2253 1231 totam
2309 1166 2643 1247 Iudaeam,

365 1292 658 1347 exorsum
704 1290 741 1333 a
785 1264 1086 1333 Galilaea
1125 1275 1278 1353 post
1313 1266 1727 1353 Baptismutn,
1768 1286 1961 1353 quem
2000 1260 2401 1355 praedicavit
2439 1270 2643 1335 loan-

359 1396 518 1452 nes,
597 1370 697 1436 38.
753 1364 1114 1453 Quomodo
1162 1366 1374 1431 Iesum
1418 1386 1458 1430 a
1498 1364 1825 1431 Nazareth
1869 1368 2123 1433 unxerit
2164 1365 2350 1433 Deus
2384 1367 2645 1455 Spiritu

359 1483 588 1541 sancto
633 1480 698 1535 et
734 1471 1000 1547 virtute,
1051 1470 1168 1555 qui
1207 1468 1460 1547 transiit
1500 1462 1952 1547 benefaciens,
2002 1477 2069 1533 et
2108 1489 2343 1535 sanans
2386 1490 2640 1553 omnes,

360 1576 474 1665 qui
517 1567 976 1639 detinebantur
1017 1588 1057 1632 a
1096 1566 1425 1635 Diabolo=
1478 1572 1629 1657 quia
1668 1569 1853 1635 Deus
1896 1590 2039 1635 cum
2080 1568 2201 1636 illo
2244 1580 2399 1636 erat.

511 1709 608 1769 34.
681 1702 980 1778 Aperiens
1013 1720 1098 1761 os.
1175 1698 1300 1759 Iam
1341 1710 1481 1761 ante
1518 1699 1957 1775 admonuimus,
2006 1699 2113 1763 hac
2150 1700 2502 1781 loquutione
2542 1702 2639 1767 uti

363 1780 761 1862 scripturam,
813 1800 992 1859 quum
1029 1796 1266 1861 gravem
1315 1786 1378 1837 et
1412 1776 1621 1839 seriam
1664 1778 1993 1839 orationem
2033 1776 2291 1839 habitam
2329 1778 2511 1841 fuisse
2554 1782 2639 1843 si·

247 1862 254 1867 ’
361 1860 620 1943 gnificat.
704 1854 916 1916 Matth.
953 1862 1026 1929 6,
1073 1860 1108 1919 1
1149 1852 1366 1915 dicitur
1417 1853 1683 1917 Christus
1730 1853 2025 1935 aperuisse
2074 1875 2141 1915 os
2188 1876 2394 1930 suum,
2446 1876 2634 1936 quum

361 1936 518 2017 apud
570 1930 884 2014 discipulos
933 1930 1284 1991 concionem
1334 1928 1555 1991 babere
1612 1930 1791 1991 vellet
1846 1952 1913 1995 ac
1968 1931 2253 1993 disserere
2316 1932 2391 1993 de
2448 1932 2637 1997 rebus

328 2011 652 2074 ‘maximisz
711 2008 828 2070 acsi
875 2005 1084 2068 Latine
1174 2006 1261 2066 uis
1313 2006 1499 2083 dicat,
1539 2006 1799 2069 Exorans
1853 2018 1943 2069 est
1992 2006 2183 2089 loqui:
2240 2028 2459 2091 nempe
2510 2010 2633 2073 iam

359 2088 555 2172 probe
591 2085 900 2147 meditatus
939 2080 1080 2165 quid
1161 2094 1381 2145 icturus
1420 2082 1599 2145 foret.

514 2164 596 2224 In
638 2166 874 2223 veritate
917 2162 1224 2235 comperio.
1298 2156 1868 2235 Καταλαμβᾶνεσθαι,
1904 2171 1993 2221 est
2028 2160 2123 2243 Ap
2168 2160 2497 2225 rebendere
2536 2164 2633 2227 vel

363 2241 669 2324 Colligere
709 2260 778 2299 ex
815 2236 1164 2313 rationibus,
1197 2234 1376 2319 signis
1418 2246 1481 2295 et
1517 2234 1887 2296 coniecturis.
1942 2236 2127 2298 Genti
2152 2240 2201 2299 is
2240 2253 2367 2301 erat
2389 2240 2633 2303 Corne-

361 2320 474 2384 lius
513 2317 782 2380 natione:
835 2313 1069 2377 exaudit
1101 2324 1298 2376 tamen
1337 2312 1503 2374 Deus
1544 2310 1666 2372 eius
1702 2331 1939 2393 preces,
1976 2314 2109 2376 lucc
2144 2314 2451 2410 Evangelii
2490 2336 2631 2382 eum

363 2399 672 2480 dignatur,
729 2392 1004 2476 angelum
1051 2391 1138 2452 illi
1173 2389 1551 2481 peculiariter
1598 2388 1871 2451 destinat:
1934 2390 2073 2452 inde
2112 2407 2379 2476 agnoscit
2412 2393 2637 2459 Petrus

360 2475 586 2555 absque
623 2491 1006 2565 personarum
1045 2479 1346 2550 respectu,
1384 2467 1525 2527 Deo
1563 2463 1797 2558 placere
1836 2469 2171 2549 quicunque
2210 2471 2306 2550 pie
2348 2483 2409 2534 et
2446 2473 2631 2536 inno-

363 2563 572 2614 center
605 2559 824 2611 vnvunt.
898 2548 1050 2608 Nam
1087 2557 1226 2606 ante
1265 2545 1380 2605 hoc
1420 2543 1775 2625 praeiudicio
1816 2557 2135 2627 occupatus
2170 2546 2331 2608 solos
2372 2548 2629 2613 Iudaeos

363 2649 400 2690 a
437 2626 574 2687 Deo
613 2624 814 2698 amari,
851 2622 1024 2684 sicuti
1061 2643 1130 2682 ex
1168 2620 1442 2684 omnibus
1480 2619 1715 2702 populis
1754 2621 1864 2682 soli
1907 2623 2079 2684 electi
2119 2635 2307 2698 erant,
2346 2645 2471 2684 non
2512 2647 2627 2707 pu-

361 2703 526 2766 tabat
545 2702 663 2763 Dei
699 2701 942 2785 gratiam
979 2719 1154 2779 posse
1193 2699 1264 2759 ad
1303 2697 1449 2759 alios
1532 2697 1813 2758 ervenire.
1882 2698 2022 2760 Non
2054 2710 2189 2760 'erat
2225 2700 2465 2781 quidem
2500 2713 2627 2764 tam

362 2802 622 2854 crassus,
673 2792 740 2840 ut
787 2788 1025 2859 putaret
1065 2774 1292 2836 nomini
1330 2775 1539 2857 gentii
1591 2773 1748 2834 reiici
1786 2774 1877 2834 vel
1930 2775 2185 2836 damnari
2237 2777 2521 2857 pietatem
2558 2802 2629 2841 ac

345 2857 519 2920 witae
556 2855 982 2926 innocentiam,
1027 2852 1130 2912 sed
1173 2873 1352 2931 quum
1388 2850 1731 2944 simpliciter
1764 2849 1905 2911 illud
1946 2854 2261 2934 arriperet,
2298 2855 2629 2918 Extraneos

364 2953 492 2994 esse
531 2954 564 2991 a
603 2950 792 3013 regno
831 2930 948 2990 Dei
997 2940 1060 2988 et
1097 2929 1380 3009 profanos
1418 2945 1757 3006 quicunque
1802 2928 2193 2990 incircumcisi
2243 2942 2465 3004 essent,
2515 2931 2629 2994 im-

361 3008 622 3092 prudens
657 3027 723 3067 se
760 3002 1072 3066 intricabat
1117 3017 1238 3064 tam
1279 3003 1533 3064 absurdo
1582 3001 1685 3064 illo
1726 3019 1961 3080 errore,
2012 3006 2173 3086 quod
2208 3006 2375 3068 Deus
2408 3019 2627 3100 purum

361 3085 453 3148 sui
493 3083 718 3144 cultum
762 3094 824 3142 et
871 3091 1126 3140 sanctam
1164 3079 1340 3140 vitam
1379 3102 1407 3139 s
1450 3090 1716 3152 erueret,
1766 3079 1873 3140 ubi
1922 3103 2045 3142 non
2099 3081 2326 3144 adesset
2372 3107 2629 3148 circum-

364 3160 542 3234 cisio,
590 3160 724 3239 quia
772 3163 1015 3218 virtutes
1067 3177 1271 3218 omnes
1309 3157 1380 3215 Iu
1426 3157 1539 3216 aeis
1590 3157 1959 3235 praeputium
2008 3158 2279 3240 insipidas
2320 3161 2627 3224 reddebat.

365 3237 511 3312 Quo
547 3233 810 3314 exemplo
841 3252 1171 3306 monemur,
1211 3244 1579 3324 quantopere
1620 3232 1872 3294 cavenda
1910 3235 2029 3296 sint
2103 3237 2435 3314 raeiudicia,
2516 3259 2626 3300 uae

361 3312 539 3374 nobis
587 3311 736 3372 viam
785 3310 858 3370 ad
907 3319 1068 3369 recte
1129 3309 1501 3370 iudicandum
1548 3305 1951 3389 praecludunt.
2104 3335 2244 3375 erro
2298 3327 2481 3376 notan
2528 3337 2625 3376 um

363 3402 473 3465 est,
514 3388 654 3480 qui-d
695 3385 881 3448 valeat
917 3405 1136 3446 nomen
1168 3407 1477 3478 personae,
1526 3386 1657 3478 quia
1694 3385 1757 3446 in
1798 3407 1873 3447 eo
1912 3385 2100 3482 multi·
2122 3389 2434 3482 falluntur,
2456 3393 2644 3466 ,dnm-

361 3463 1972 3623 2153:‘21333‘21‘12130502‘1-23b¹351¹¹¹2¹¹ss¹2¹0³2²2221f223⁰322¹2¹·
1986 3466 2137 3603 „3:2⁰
2148 3467 2322 3604 ,23:2¹5
2338 3467 2627 3625 53:532}

359 3641 490 3680 rum
541 3619 806 3696 acceptio
857 3617 1010 3697 apud
1047 3616 1260 3676 Deu'm.
1345 3617 1533 3697 Atqui
1570 3617 1683 3676 hoc
1722 3617 1965 3676 nomine
2004 3629 2271 3680 externus
2310 3631 2493 3682 status
2530 3621 2623 3682 vel

360 3693 851 3834 28Ξῖἱῖῗείιέ
887 3693 1098 3846 ἶρῖξί,
1121 3691 2168 3862 ¹3333¹⁰1²1²1¹s221⁰}:955ri223‘2'3211132
2204 3696 2308 3834 321³
2312 3719 2343 3758 ‘²
2379 3697 2626 3834 35:³51}

362 3850 617 3924 divitiae,
655 3845 930 3908 nobilitas
971 3867 1224 3930 generis,
1263 3845 1593 3922 clientelae,
1632 3847 1907 3921 bonores,
1956 3845 2255 3910 bominem
2298 3850 2621 3933 gratiosum

361 3927 642 3988 reddunt:
697 3937 1037 4006 paupertas,
1083 3925 1104 3984 i
1190 3923 1425 3984 nbilitas
1464 3935 1526 3986 et
1604 3921 1837 4014 nicquid
1876 3923 1992 3984 tale
2030 3937 2150 4000 est,
2200 3927 2625 4008 contemptibi-

359 4002 494 4064 lem.
589 4004 719 4064 Hac
769 4004 1000 4063 ratione
1048 4023 1116 4063 su
1161 4001 1296 4060 inde
1345 4012 1505 4062 vetat
1616 4021 1843 4062 ominus
1894 4021 2171 4081 personas
2218 4003 2434 4084 accipi,
2484 4007 2623 4085 quia

357 4079 488 4140 fieri
527 4101 650 4140 non
691 4089 918 4160 potest,
957 4089 1024 4138 ut
1063 4090 1286 4140 rectum
1325 4079 1404 4138 sit
1438 4077 1749 4154 iudicium,
1828 4079 2019 4140 uoties
2058 4080 2283 4140 externi
2321 4091 2619 4160 respectus

327 4156 608 4240 ,iudicem
661 4179 692 4217 a
745 4177 916 4218 causa
964 4152 1278 4216 abducunt.
1377 4153 1513 4214 Hoc
1564 4153 1701 4214 loco
1754 4096 1825 4214 a}
1873 4155 2177 4226 nationem
2226 4155 2503 4232 refertur,
2551 4177 2619 4216 ac

355 4253 560 4298 sensus
597 4246 714 4306 est,
765 4233 904 4295 Non
941 4231 1186 4296 obstare
1221 4229 1624 4312 praeputium,
1672 4231 1813 4311 quin
1851 4231 2015 4292 Deus
2064 4233 2339 4294 iustitiam
2392 4233 2452 4292 in
2506 4233 2617 4292 ho·-

351 4307 534 4446 :iinpe
557 4308 768 4392 gentili
860 4321 1038 4403 ratam
1086 4305 1906 4466 bagealtjeacmprgpgtamffelde
1930 4307 2227 4464 ἷίἑίὲὒίωι·
2244 4309 2394 4449 ἐιὲἑ
2433 4309 2617 4444 modi:

535 4407 703 4468 mpus
751 4406 1000 4452 venisse
1047 4406 1164 4466 apu
1353 4407 1388 4446 u
1908 4407 1933 4446 s
2076 4407 2161 4448 us.
2434 4407 2555 4466 qun
