2788 4713
1108 223 1385 288 capo-r
1427 224 1558 286 xv.
1913 302 1921 310 Ι
2301 221 2456 290 .311

361 377 465 440 30.
524 371 631 440 nli
663 387 849 456 ergo·
870 367 1111 438 dimissi
1142 382 1464 444 venerunt
1485 370 1904 452 Antiochiam,
1950 383 2014 440 et
2057 381 2444 458 congoegata

198 473 606 540 multitudine
660 471 1087 539 reddiderunt
1112 559 1117 564 ⁸
1143 471 1498 558 epistolam.
1593 471 1698 536 31.
1751 471 1962 557 Quam
2005 495 2201 558 quum
2231 470 2450 556 legis·

197 583 371 652 sent,
424 573 621 658 gavisi
679 583 827 640 snut
877 595 1073 660 super
1128 571 1595 638 consolatione.
1700 571 1802 636 32.
1865 571 2057 636 Iudas
2111 583 2321 637 autem
2353 579 2446 662 ¹et
2491 601 2498 614 ·

198 671 395 750 Silas,
428 665 635 760 'quum
691 675 901 738 essen't
945 683 1009 738 et
1060 669 1207 759 ipsi„
1242 673 1634 758 Prophetae,
1705 669 1907 736 multo
1948 691 2264 739 -sermoue
2326 670 2444 738 ad·

196 773 437 840 hortati
478 783 624 840 sunt
664 771 825 852 (vel,
864 773 1184 838 consolati
1224 778 1406 851 sunt)
1447 772 1711 848 fratres,
1767 782 1832 836 et
1885 770 2440 836 confirmaverunt.

198 875 301 940 33.
346 870 740 939 Commorati
782 883 988 938 autem
1032 873 1167 938 illic
1210 872 1292 938 ad
1333 884 1600 958 tempus
1643 871 1886 936 dimissi
1922 880 2070 934 sunt
2097 889 2236 934 cum
2279 890 2439 956 pace

202 973 581 1066 nssratribus
624 973 705 1038 ad
748 972 1119 1060 Apostolos
1200 973 1300 1038 34.
1346 975 1572 1049 Visum
1610 983 1706 1038 est
1747 981 1957 1036 autem
1983 967 2156 1036 Silae
2198 967 2472 1047 ibidem·

144 1086 157 1102 ·
198 1061 477 1140 manere.
566 1076 668 1141 35.
714 1071 949 1166 Paulus
988 1093 1147 1138 vero
1193 1083 1257 1137 et
1290 1071 1624 1138 Barnabas
1669 1069 2172 1138 demorabantur
2211 1070 2439 1134 Antio-

199 1175 411 1255 chiae,
460 1173 773 1242 docentes
832 1183 899 1238 et
940 1172 1454 1260 evangelizantes
1497 1192 1641 1242 cnm
1684 1173 1829 1240 aliis
1871 1174 2058 1238 etiam
2100 1159 2442 1256 compluri-

196 1277 329 1348 bus
365 1298 729 1348 sermonem
770 1271 917 1341 Dei.
952 1331 963 1346 ,
1783 1283 1788 1288 “

346 1449 443 1510 30.
526 1441 889 1516 Congo-egam
921 1435 1292 1516 multitidine.
1370 1436 1533 1497 Haec
1572 1435 1685 1500 suit
1720 1437 1982 1531 legitima
2017 1434 2228 1518 agendi
2270 1433 2440 1508 ratio,

202 1531 269 1577 ut
317 1532 509 1580 totam
546 1517 779 1598 plebem
828 1515 899 1575 ad
949 1513 1288 1576 audiendam
1338 1511 1622 1594 epistolae
1669 1511 1982 1576 lectionem
2029 1511 2432 1574 admitterent:

198 1617 333 1656 nam
392 1595 443 1654 si
494 1593 637 1670 quid
690 1591 1119 1654 coutroversiae
1169 1590 1447 1652 acciderit
1491 1587 1553 1650 iu
1609 1587 1744 1650 fidei
1797 1589 2094 1665 doctrina,
2155 1587 2434 1648 iudicium

200 1673 437 1750 quidem
478 1669 668 1728 doctis
708 1679 769 1726 et
806 1667 1005 1747 peritis
1045 1680 1106 1726 et
1139 1667 1201 1726 in
1226 1665 1530 1745 ScrIptura
1567 1665 1891 1742 exercitatis
1931 1657 2147 1742 deferri
2185 1684 2434 1744 aequum

200 1758 292 1808 est
330 1767 397 1808 ac
436 1745 675 1806 maxIme
714 1743 1043 1824 pastoribus
1078 1744 1193 1803 rite
1228 1742 1530 1804 ordinatis.
1606 1741 1762 1817 Quia
1800 1755 1992 1803 tamen
2031 1741 2293 1804 omnium
2373 1755 2434 1798 a-

198 1825 347 1884 riter
386 1821 663 1894 interest,
701 1817 841 1899 quid
878 1821 1194 1879 tenendum
1234 1821 1312 1880 sit
1349 1829 1514 1878 certo
1555 1839 1945 1900 cognoscere,
1983 1840 2115 1878 cum
2154 1827 2281 1878 tota
2371 1835 2434 1876 c-

202 1897 379 1960 clesia
420 1895 672 1956 fraterne
712 1893 1139 1958 communicare
1176 1895 1397 1956 debent
1435 1895 1548 1976 ipsi
1587 1895 1894 1970 doctores,
1945 1895 2084 1975 quid
2133 1914 2201 1954 ex
2248 1889 2432 1950 verbo

198 1975 318 2036 Dei
366 1975 707 2034 statuerint..
790 1971 953 2032 Nihil
1015 1973 1166 2032 enim
1226 1983 1430 2036 sancto
1490 1983 1552 2031 et
1603 1971 1940 2032 Christiano
1991 1970 2185 2032 ordini
2243 1967 2434 2028 miuus

200 2061 691 2123 consentaneum,
728 2069 897 2128 quam
939 2047 1141 2128 populi
1187 2070 1402 2129 corpus
1451 2069 1574 2108 non
1609 2069 1777 2112 secus
1816 2070 1882 2109 ac
1929 2067 2248 2128 porcorum
2371 2062 2435 2104 e-

192 2147 335 2210 gem
374 2147 411 2191 a
452 2126 745 2186 communi
785 2123 1054 2185 doctrina
1089 2145 1309 2200 arcere,
1359 2135 1426 2183 ut
1473 2123 1598 2184 fieri
1635 2123 1790 2185 solet
1825 2124 1933 2184 sub
1974 2122 2278 2205 tyrannide
2369 2139 2432 2180 a-

244 2216 383 2264 atus.
464 2200 621 2276 Quia
664 2203 819 2262 enim
858 2202 1016 2292 Papa
1055 2213 1115 2261 et
1156 2201 1389 2262 cornuti
1427 2201 1710 2282 Episcopi
1749 2201 2031 2280 populum
2071 2221 2192 2258 non
2233 2217 2432 2288 spera-

196 2226 346 2342 bant
386 2277 517 2340 sore
566 2299 821 2358 unquam
868 2289 1001 2338 satis
1049 2279 1440 2360 morigerum,
1499 2278 1690 2336 donec
1743 2280 1801 2336 in
1853 2297 2097 2336 crassam
2147 2273 2430 2334 inscitiam

200 2356 477 2419 reductus
518 2367 685 2428 esset,
726 2352 839 2414 hoc
877 2351 1167 2413 finxerunt
1191 2354 1474 2433 optimum
1497 2374 1620 2413 esse
1661 2351 1796 2413 fidei
1817 2349 2249 2431 compendium,
2287 2346 2432 2415 nibil

200 2430 440 2510 sciendo
480 2431 737 2512 pendere
777 2450 844 2490 ex
882 2448 1082 2489 eorum
1120 2428 1365 2507 placitis.
1445 2428 1670 2489 Contra
1706 2448 1848 2491 vero
1886 2426 2142 2487 tenenda
2182 2436 2270 2484 est
2307 2442 2433 2483 me-

204 2509 497 2582 diocritas,
536 2520 599 2567 ut
622 2505 914 2587 legitimae
953 2504 1348 2583 praefecturae
1387 2503 1574 2565 salvae
1613 2514 1905 2576 maneant,
1945 2514 2006 2565 et
2031 2498 2282 2563 vicissim
2318 2518 2432 2579 po-

204 2585 347 2668 pulo
386 2606 487 2645 sua
526 2594 755 2641 maneat
795 2580 1051 2654 libertas,
1090 2600 1165 2641 ne
1204 2578 1497 2640 serviliter
1533 2580 1916 2660 opprimatur.

354 2667 448 2727 31.
533 2659 734 2719 Gra-visi
777 2670 909 2717 sunt
957 2677 1131 2732 super
1178 2654 1579 2717 consolatione.
1669 2657 1870 2730 Quum
1920 2654 2068 2716 adeo
2117 2649 2308 2712 brevis
2358 2650 2436 2709 sit

134 2781 141 2789 -
204 2736 449 2817 epistola
489 2748 549 2795 et
586 2732 729 2794 nihil
770 2744 1001 2813 praeter
1038 2733 1250 2793 nudam
1289 2732 1682 2793 narrationem
1719 2732 2040 2805 contineat,
2078 2726 2260 2810 qualis
2297 2724 2435 2785 inde

206 2812 527 2875 consolatio
566 2811 757 2871 redire
796 2808 989 2890 potuit
1025 2809 1097 2869 ad
1136 2808 1371 2875 fideles?
1411 2808 1592 2888 Atqui
1631 2808 1954 2869 notandum
1994 2818 2102 2879 est,
2140 2824 2262 2865 uon
2303 2823 2436 2881 par-

206 2911 337 2950 vam
379 2889 435 2947 in
478 2908 549 2949 eo
591 2884 1007 2947 consolationis
1032 2886 1327 2947 materiam
1363 2877 1556 2959 fuisse,
1597 2884 1754 2964 quod
1779 2885 1982 2966 agnito
2007 2883 2060 2942 A
2107 2874 2434 2941 ostolorum

206 2984 497 3026 consensu
535 2976 656 3025 tum
698 2962 909 3045 singuli
992 2964 1137 3023 acati
1186 2962 1452 3037 fuerunt,
1508 2974 1628 3020 tum
1679 2981 1883 3021 omues
1935 2979 2002 3018 ex
2091 2955 2290 3018 issidio
2339 2972 2435 3013 re-

206 3043 441 3103 dierunt
478 3042 537 3101 in
616 3040 834 3101 ratiam.
915 2984 1115 3115 (guum
1152 3040 1295 3099 falso
1345 3060 1572 3119 sparsus
1624 3049 1784 3099 esset
1825 3057 2058 3110 rumor,
2111 3029 2436 3115 Apostolos

205 3139 412 3201 omnes
449 3062 630 3177 Paufi>
672 3128 733 3175 et
768 3116 1065 3176 Barnabae
1106 3114 1372 3177 adversos
1415 3136 1570 3189 esse,
1619 3114 1896 3195 quosdam
1945 3111 2114 3172 nimis
2163 3105 2462 3169 credulos-‘

206 3206 605 3256 concusserat:
656 3192 821 3252 multi
860 3192 1047 3255 dubiis
1086 3194 1284 3253 animis
1324 3191 1784 3265 fluctuabantur‚
1823 3188 2080 3269 improbi
2117 3186 2224 3253 bac
2265 3202 2432 3243 occa-

204 3272 377 3334 sione
424 3270 494 3329 ad
544 3269 1005 3329 maledicendum
1052 3270 1470 3341 abutebantur,
1507 3269 1654 3327 alios
1691 3268 1988 3327 curiositas
2041 3276 2101 3324 et
2153 3258 2433 3349 novitatis

206 3368 375 3409 amor
411 3345 707 3417 titillabat,
747 3346 839 3404 alii
878 3345 1051 3404 etiam
1098 3346 1167 3405 ab
1209 3346 1327 3407 aliis
1368 3344 1529 3405 divisi
1572 3354 1752 3405 erant.
1827 3346 2000 3403 Nunc
2041 3341 2176 3400 dum
2217 3352 2436 3417 primae

208 3422 485 3501 ecclesiae
508 3422 779 3481 iudicium
807 3442 1131 3502 congruere
1152 3422 1352 3481 vident
1373 3444 1503 3481 cum
1530 3418 1694 3481 Pauli
1735 3432 1793 3479 et
1817 3416 2116 3480 Barnabae
2149 3412 2444 3496 doctrina,

256 3497 372 3556 uod
410 3496 539 3556 filiis
577 3498 690 3556 Dei
730 3497 970 3556 maxime
1010 3496 1269 3577 optabile
1308 3509 1416 3572 est,
1459 3497 1759 3569 obtinent,
1799 3507 1866 3553 ut
1902 3492 2136 3555 stabiliti
2175 3491 2234 3549 in
2275 3498 2436 3547 recta

258 3573 329 3633 de
370 3592 436 3632 ac
485 3574 643 3633 inter
688 3592 750 3633 se
798 3573 1097 3633 unanimes
1190 3574 1355 3632 uietis
1396 3573 1686 3631 mentibus
1723 3570 1928 3631 mutuo
1977 3588 2180 3662 pacem
2219 3564 2433 3627 colant.

364 3654 459 3715 32.
532 3648 716 3709 ludas
750 3670 969 3740 quoque
1002 3663 1057 3707 et
1088 3649 1160 3709 Si
1182 3670 1265 3709 as.
1341 3650 1470 3707 Hac
1519 3649 1590 3707 de
1631 3670 1799 3709 eausa
1843 3650 2000 3709 missi
2047 3646 2278 3706 fuerant
2315 3640 2432 3699 duo

102 3721 108 3727 ⁵
212 3724 311 3793 isti
359 3726 592 3798 fratres,
656 3738 721 3785 ut
767 3748 927 3787 vocis
974 3746 1209 3805 quoque
1257 3746 1391 3789 suae
1450 3724 1848 3787 testimonium
1911 3724 2090 3784 literis
2135 3718 2434 3780 adderent.

210 3800 457 3881 Alioqui
494 3820 683 3880 neque
722 3812 839 3861 tam
882 3802 1085 3861 breves
1132 3814 1192 3861 et
1242 3801 1502 3861 concisas
1553 3802 1741 3864 literas
1783 3803 1854 3861 de
1909 3820 1973 3859 re
2011 3811 2167 3858 tanta
2207 3788 2434 3853 missuri

210 3890 383 3939 erant
417 3876 710 3957 Apostoli,
750 3890 809 3936 et
848 3878 921 3936 de
962 3876 1097 3937 fidei
1135 3878 1418 3958 mysteriis
1456 3876 1671 3939 alicuid
1710 3879 2057 3961 attigissent,
2099 3884 2160 3931 et
2194 3869 2264 3930 ad
2303 3865 2432 3953 pig-

214 3954 347 4017 tatis
384 3954 632 4016 studium
672 3954 944 4033 prolixius
985 3965 1175 4014 essent
1220 3954 1453 4015 hortati.
1561 3974 1650 4015 am
1699 3969 1896 4017 narrat
1933 3954 2116 4015 Lucas
2163 3944 2290 4026 plus
2325 3938 2436 4031 ali-

214 4030 357 4112 quid
398 4032 768 4112 praestitisse,
807 4050 1016 4108 nempe
1056 4032 1215 4109 quod
1255 4032 1413 4091 dono
1455 4032 1795 4113 prophetiae
1835 4028 2098 4096 instructi
2137 4020 2436 4106 ecclesiam

216 4111 277 4169 in
324 4126 548 4190 genere
595 4107 1045 4166 aedificaverint:
1106 4108 1219 4167 acsi
1272 4107 1522 4181 diceret,
1585 4131 1703 4169 non
1765 4120 1986 4167 tantum
2038 4105 2098 4161 in
2145 4104 2437 4179 praesent!

217 4206 389 4245 causa
436 4184 688 4245 fideliter
734 4182 933 4243 officio
992 4204 1103 4243 suo
1142 4204 1262 4245 esse
1302 4184 1640 4259 defunctos,
1686 4182 1789 4245 'sed
1841 4180 2112 4243 docendo
2163 4174 2338 4235 etiam
2375 4177 2440 4229 et

217 4261 515 4323 hortando
566 4260 765 4321 utilem
814 4260 893 4319 im
936 4259 1161 4321 endisse
1190 4260 1484 4333 ‚ecclesiae
1529 4282 1788 4341 operam.
1861 4256 2200 4331 Notandum
2247 4260 2442 4311 autem

226 4348 335 4424 cst,
372 4336 533 4421 quod
571 4336 871 4404 ecclesiam
898 4282 1171 4401 lior-tates
1204 4356 1336 4405 esse
1370 4338 1532 4415 dicit,
1573 4358 1646 4401 eo
1686 4336 1846 4417 quod
1881 4332 2215 4415 Prophetae
2250 4338 2442 4392 erant:
