2788 4713
469 133 508 166 s

261 198 364 280 ,88
1071 189 1162 262 IN
1197 191 1427 262 ACTA
1464 191 1756 259 APos‘r.

437 335 524 398 Β*
555 347 722 414 ,ev-arn
751 355 946 408 oum-⁹
977 339 1294 398 mutunus.
1379 335 1725 420 Significat.
1777 334 1949 398 certis
1998 333 2181 400 horio-
2210 335 2563 399 convenire

291 411 532 490 solitos,
588 433 712 474 non
749 411 930 476 modo
953 431 1214 493 ,precum
1255 425 1316 476 et
1352 411 1653 475 doctrinae
1694 433 1894 490 cama,
1932 410 2147 484 sedut
2182 411 2325 486 alios
2362 410 2563 479 lucri-

291 489 562 564 facerent
601 484 906 567 Domino,
1011 501 1148 551 tout
1197 511 1262 551 se
1310 489 1543 552 occasio
1598 487 1857 552 dederat.
1912 487 2129 564 ,Domi
2190 487 2351 562 enim
2406 509 2563 556 suae

295 567 424 648 quis
467 585 542 628 ue
582 565 866 648 degebat,
903 586 966 625 se
1046 565 1164 626 illic
1203 561 1497 642 liabebant
1530 585 1668 625 suos
1709 576 2063 638 conventus,-
2105 577 2175 631 ut
2210 577 2370 628 certe
2410 567 2564 628 nul..

291 642 414 706 lum
488 641 737 702 eclesiae
772 664 984 723 corpus
1023 642 1194 702 aliter
1227 654 1378 703 stare
1418 651 1631 720 potest-
1696 637 1847 700 Nam
1885 640 1934 703 si
1984 640 2231 720 quisque
2270 641 2381 704 sibi
2422 643 2565 722 pri-

292 719 476 784 vatim
513 717 726 796 doctor
765 739 888 790 esse
927 742 962 776 v
999 719 1108 794 lit,
1151 740 1228 790 ae
1257 721 1519 779 seorsum
1560 719 1815 796 precari,
1854 715 2001 776 nulli
2040 730 2237 788 autem
2272 719 2396 781 sint
2483 741 2565 780 u-

295 790 440 864 blici
479 807 704 870 coetus,
758 793 970 874 quamn
1017 807 1076 858 et
1111 793 1407 876 praeclare
1455 793 1719 854 instituta
1765 792 1942 854 fuerit
1978 791 2279 870 Ecclesia,
2332 793 2427 856 col
2457 793 2569 859 abi

295 885 362 932 et
395 891 530 938 max
559 892 795 952 pessum
833 873 918 932 ire
959 889 1192 938 necesse
1232 869 1359 930 erit.
1424 867 1587 933 Dicit
1625 869 1799 930 fuisse
1836 873 2155 946 ananim,
2195 882 2262 930 ut
2296 871 2567 938 sciamus

295 959 508 1028 sponte
547 963 758 1008 omnes·
784 947 1031 1008 coluisse
1071 965 1202 1004 eum
1243 945 1536 1020 ordinem,
1577 944 1871 1005 neminem
1912 946 2085 1016 fuisse
2122 946 2569 1024 resumendum,

298 1024 402 1105 qui
439 1023 680 1104 publico
721 1035 897 1084 coetu
937 1021 1208 1105 neglecto
1259 1019 1411 1080 intra
1457 1019 1727 1102 ,privatos
1766 1021 2017 1101 parietes
2052 1043 2118 1084 se
2146 1033 2405 1083 teneret.
2482 1023 2567 1086 In

297 1121 420 1180 quo
461 1122 584 1166 non
621 1099 939 1161 modestiae
975 1109 1200 1162 tantum
1239 1099 1539 1176 specimen
1580 1097 1967 1172 exhibebant,
2018 1097 2121 1158 sed
2171 1098 2345 1158 etiam
2398 1121 2573 1165 con-2

297 1177 563 1252 stantiae.
637 1175 772 1244 Non
815 1175 971 1234 enim
1023 1173 1136 1234 hoc
1219 1173 1443 1235 erieulo
1484 1175 1751 1248 carebat,
1814 1196 1993 1265 quum
2035 1174 2197 1247 locus
2238 1185 2389 1237 esset
2430 1189 2569 1240 tam

294 1249 576 1323 celebritas
643 1251 782 1326 Quo
819 1250 1030 1312 maiori
1072 1251 1148 1312 lav
1209 1271 1240 1310 e
1279 1251 1489 1334 diguus
1532 1251 1647 1312 fuit
1683 1271 1947 1312 omnium
1987 1271 2303 1314 consensus
2341 1251 2419 1312 ad
2462 1251 2569 1314 di-

292 1329 544 1392 scrimen
583 1326 966 1402 subeundum.
1416 1377 1423 1382 .

445 1409 538 1470 13.
609 1402 896 1464 Aliorum
923 1423 1056 1478 vero
1090 1424 1274 1462 uerno.
1352 1402 1471 1465 Hic
1507 1401 1795 1464 secundus
1834 1403 1949 1464 fuit
1966 1403 2381 1464 miraculorum
2429 1405 2569 1468 fru-

297 1493 446 1555 etus,
487 1477 950 1558 quodinfideles
989 1493 1104 1542 tam
1131 1479 1364 1562 ,insigni
1402 1479 1518 1541 Dei
1602 1481 1829 1542 utentia
1868 1480 2126 1542 convicti
2167 1501 2289 1542 non
2328 1483 2571 1545 audent

293 1555 622 1649 Apostolos
661 1568 1074 1630 contemnere,
1171 1557 1270 1626 uin
1319 1556 1518 1636 potius
1623 1555 1889 1616 eclesiam
1933 1557 2194 1628 revereri
2235 1573 2571 1638 coguntur.

293 1631 500 1706 videri
539 1643 731 1702 tamen
773 1629 1086 1697 absurdum
1123 1578 1270 1703 illud
1310 1643 1537 1713 posset,
1586 1631 1746 1714 quod
1786 1631 2080 1693 miraculis
2120 1633 2313 1694 territi
2350 1634 2571 1698 Deum

295 1721 360 1768 et
395 1705 679 1788 populum
720 1707 844 1769 eius
885 1710 1150 1792 fugiunt„
1209 1708 1601 1788 Respondeo,
1640 1729 1741 1770 sua
1781 1709 1949 1785 culpa
1991 1709 2168 1772 fuisse
2209 1709 2569 1792 impedit08‚

199 1797 219 1816 ⁸
293 1803 374 1846 ne
428 1785 794 1846 accederent.
871 1786 1082 1878 Neque
1132 1787 1287 1846 enim
1338 1782 1581 1844 dubium
1630 1798 1751 1860 est,
1812 1786 1951 1865 quin
1996 1785 2286 1846 miraculis
2326 1807 2445 1848 nos
2487 1791 2569 1852 ad
2628 1787 2645 1802 ⁸

293 1879 358 1926 se
406 1859 570 1920 Deus
617 1861 844 1923 invitet.
907 1864 1154 1944 ghrgo,
1215 1862 1552 1941 quicunque
1602 1881 1857 1941 eousque
1905 1882 2027 1922 non
2068 1862 2427 1942 proficiunt,
2496 1879 2573 1928 ut

289 1937 410 1998 Dei
450 1935 725 2020 gratiam,
778 1959 926 2032 quae
965 1937 1083 2000 illic
1125 1935 1379 2028 relucet,
1432 1960 1502 1997 cu
1548 1937 1643 1997 ide
1684 1938 2125 2014 exosculentur,
2182 1936 2301 1997 illis
2352 1939 2571 2005 obstat

290 2015 439 2073 mala
481 2013 856 2074 conscientia.
934 2015 1040 2074 Est
1077 2026 1272 2076 tamen
1321 2013 1415 2073 hic
1468 1959 1676 2092 aliquis
1728 2013 1982 2088 fructus,
2037 2013 2195 2092 quod
2236 2012 2405 2075 Deus
2449 2017 2567 2076 ali·-

289 2107 463 2169 quem
501 2101 722 2150 metum
761 2089 876 2150 illis
917 2091 1257 2182 extorquet,
1299 2105 1627 2169 quanquam
1668 2088 1782 2148 hoc
1822 2109 1946 2147 non
1986 2101 2211 2148 tautum
2250 2089 2567 2156 miraculis

291 2165 533 2226 ascribit
569 2165 784 2240 Lucas,
845 2167 947 2227 sed
985 2179 1186 2247 potius
1227 2166 1424 2228 omnia
1464 2165 1647 2247 simul·
1672 2163 2087 2244 complectitur
2130 2185 2280 2244 quae
2320 2167 2397 2226 ad
2438 2169 2569 2230 Ee..

292 2241 502 2306 clesiae
528 2241 872 2327 dignitatem
912 2243 1236 2324 augendam
1277 2241 1467 2302 facere
1508 2253 1801 2322 poterant.
1882 2240 1979 2300 Sic
2022 2237 2177 2307 euim
2219 2245 2571 2323 composita

291 2331 462 2379 eraut
500 2319 727 2395 o'mnia,
769 2331 836 2381 ut
875 2319 1072 2379 divina
1112 2319 1394 2400 quaedam
1434 2319 1698 2379 maiestas
1737 2315 1859 2378 illic
1899 2317 2251 2397 refulgeret,
2300 2341 2440 2379 nam
2486 2321 2564 2384 ab

290 2395 418 2463 aliis
459 2416 582 2457 non
607 2408 788 2457 secus
830 2394 1221 2472 differebant,
1265 2412 1436 2474 quam
1484 2395 1681 2475 angeli
1734 2394 1805 2454 ah
1848 2394 2204 2454 hominihus.
2243 2396 2357 2455 Est
2398 2400 2569 2459 enim

289 2470 356 2535 in
403 2472 955 2553 sancta,disciplina
1003 2484 1066 2531 et
1111 2472 1172 2533 in
1221 2471 1455 2533 sincero
1507 2471 1745 2552 pietatis
1797 2468 1958 2531 cultu
2005 2492 2211 2531 arcana
2264 2476 2571 2551 quaedam

290 2554 594 2628 σεμνότης,
669 2570 819 2635 quae
873 2549 1058 2611 malos
1109 2550 1284 2612 etiam
1334 2549 1551 2608 invitos
1600 2548 1983 2629 constringat.
2072 2547 2191 2607 Sed
2244 2548 2440 2629 qualis
2496 2573 2571 2616 ea

292 2625 390 2699 sit,
429 2626 604 2687 hodie
645 2626 963 2686 nescimus:
1007 2626 1149 2705 quin
1193 2625 1388 2705 potius
1415 2624 1657 2707 profana
1700 2622 1848 2683 male
1888 2624 2120 2683 vivendi
2160 2622 2411 2687 licentia
2454 2650 2568 2689 nos

290 2722 408 2761 una
458 2724 588 2763 cum
638 2702 962 2782 Evangelio
1021 2700 1314 2760 reddimus
1355 2698 1852 2778 contemptibiles.
1932 2699 2133 2759 Poena
2176 2702 2361 2761 etiam
2400 2703 2571 2767 Ana-

290 2778 423 2837 niae
465 2792 523 2837 et
559 2779 755 2839 uxoris
795 2781 1162 2859 non1'parum
1199 2774 1437 2856 valebat
1467 2775 1757 2841 terrendis
1782 2775 2001 2855 impiis,
2042 2796 2118 2835 ne
2142 2789 2376 2839 temere
2416 2802 2573 2871 pro-

287 2866 634 2937 rumperent
681 2853 744 2913 in
797 2874 1002 2913 eorum
1051 2863 1319 2926 coetum,
1380 2851 1482 2913 ubi
1528 2850 1689 2913 Deus
1752 2863 1871 2911 tam
1932 2872 2194 2913 severum
2265 2856 2575 2918 vindicem

289 2948 354 2989 se
404 2920 757 2990 ostenderat.
843 2928 1198 2989 Notandum‘
1233 2940 1430 2987 tamen
1483 2937 1604 3003 est,
1679 2928 1903 2988 medios
1952 2926 2215 2989 homines
2265 2930 2366 2992 hic
2410 2932 2573 2993 desi-

335 3006 481 3079 nari,
525 3018 586 3065 et
625 3006 726 3085 qui
767 3024 834 3063 ex
873 3004 1132 3084 pessimis
1169 3020 1294 3061 ‘non
1337 3014 1520 3065 erant.
1588 3002 1856 3063 Fuerunt
1894 3004 2052 3065 enim
2092 3016 2234 3065 tunc
2278 3009 2573 3088 permulti

289 3024 761 3162 §ierosolymam
800 3100 946 3161 quos
987 3076 1145 3137 nulla
1165 3096 1407 3163 prorsus
1443 3077 1538 3136 vel
1578 3078 1626 3137 si
1672 3100 1903 3158 norum,
1946 3078 2051 3139 velae
2075 3102 2145 3141 an
2196 3082 2385 3145 elicae
2426 3087 2569 3167 pio..

289 3180 422 3219 rum
460 3156 780 3217 sanctitatis
831 3154 1158 3215 reverentia
1207 3166 1492 3237 taugeret.
1643 3156 1915 3217 oderatos
1957 3176 2100 3239 ergo
2142 3101 2423 3221 §omines
2466 3162 2567 3221 in·-

175 3246 180 3251 ’
287 3232 416 3295 telli
462 3234 510 3294 it
546 3234 761 3308 Lucas,
803 3233 864 3291 in
907 3228 1118 3311 quibus
1157 3228 1397 3291 suberat
1434 3228 1673 3311 aliquod
1714 3232 1943 3293 timoris
1982 3232 2096 3293 Dei
2135 3242 2369 3311 semen,
2416 3258 2565 3316 qua-

291 3308 378 3370 les
419 3252 594 3371 §odie
631 3308 889 3371 videmus
943 3308 1258 3388 quosdam,
1312 3326 1459 3386 quos
1513 3306 1713 3367 mundi
1761 3310 1994 3399 quidem
2043 3310 2268 3372 vanitas
2324 3314 2568 3385 retinet,

289 3405 369 3446 ne
411 3386 632 3447 Christi
671 3385 870 3467 iugum
908 3384 1240 3481 suscipiant,
1277 3382 1378 3443 sed
1420 3383 1553 3463 quia
1592 3381 1703 3443 illis
1744 3384 1997 3447 divinum
2044 3384 2121 3445 ali
2166 3388 2271 3447 uid
2320 3385 2566 3449 subolet

289 3473 492 3522 nostra
541 3462 841 3533 doctrina,
897 3460 1108 3541 religio
1160 3458 1272 3520 illis
1313 3471 1401 3520 est
1449 3479 1574 3521 eam
1628 3458 2025 3521 contemnere.
2160 3461 2308 3523 imul
2360 3476 2563 3523 tamen

289 3550 534 3634 apparet
574 3558 742 3617 quam
786 3536 1102 3597 exitialibus
1145 3536 1365 3617 laqueis
1408 3534 1662 3597 detineat
1702 3537 1876 3599 Satan
1919 3556 2122 3599 omnes
2165 3538 2392 3600 Christi
2435 3558 2463 3599 a
2509 3537 2561 3598 i-

288 3625 407 3675 ntu
445 3634 682 3686 vacuos,
721 3625 787 3672 ut
825 3634 947 3674 non
986 3612 1174 3675 solum
1212 3612 1322 3675 sibi
1361 3611 1672 3673 consulere
1709 3623 1989 3687 metuant,
2026 3613 2129 3673 sed
2160 3616 2438 3677 consulto
2466 3560 2561 3675 fu-

290 3690 482 3775 gitent
520 3688 716 3750 oblata
755 3688 815 3749 in
856 3689 1096 3749 salutem
1137 3686 1412 3749 remedia.
1476 3688 1698 3747 Vident
1738 3700 1795 3749 et
1833 3689 2089 3764 probant
2126 3712 2277 3767 quae
2322 3703 2383 3751 et
2417 3694 2559 3749 sau-

291 3778 382 3833 cta
423 3778 482 3833 et
519 3766 680 3826 utilia
717 3775 856 3827 sunt
893 3778 954 3825 et
988 3778 1186 3827 tamen
1225 3765 1319 3827 vel
1355 3766 1420 3827 in
1461 3764 2083 3842 deteriora'seruntur,
2120 3766 2215 3829 vel
2256 3766 2318 3826 in
2360 3785 2555 3828 coeno

319 3865 396 3906 uo
435 3856 534 3907 tor
577 3853 696 3903 ent.

287 3864 318 3909 ⁸
437 3864 570 3987 ‘lap
623 3914 922 3979 Valentis
956 3916 1125 3976 Petra·
1156 3914 1378 3977 umbra.
1456 3916 1592 3977 Hoc
1642 3928 1943 4001 praetextu
1998 3916 2325 3979 abutuntur
2370 3912 2551 3997 Papi-

289 4008 412 4057 stae
453 4017 576 4061 uon
615 3994 792 4057 modo
835 4006 899 4053 ut
935 3993 1067 4056 ficta
1105 3992 1380 4055 miracula
1419 3994 1863 4069 commendent,
1916 4016 2065 4075 quae
2116 3994 2188 4054 ad
2231 4004 2550 4075 martyrum

289 4070 553 4155 sepulcra
594 4072 720 4131 fieri
759 4070 987 4141 dicunt,
1043 4068 1147 4129 sed
1185 4080 1252 4127 ut
1302 4068 1573 4149 reliquias
1624 4070 1799 4131 nobis
1846 4094 1973 4132 suas
2022 4070 2345 4131 venditent.
2424 4066 2550 4129 Cur

334 4148 521 4226 otius,
555 4144 618 4207 in
666 4149 859 4224 uiunt,
896 4146 1136 4207 sanandi
1175 4146 1449 4205 virtutem
1488 4145 1690 4207 habuit
1729 4147 1891 4209 Petri
1928 4148 2170 4220 umbra,
2225 4166 2399 4227 quam
2450 4144 2553 4201 ha·-

287 4168 459 4287 bebit
505 4170 866 4307 sepii'lcrum,
915 4234 1015 4283 aut
1065 4220 1267 4297 vestis,
1325 4220 1421 4283 vel
1470 4222 1643 4282 etiam
1692 4225 1907 4285 ossium
1966 4218 2193 4285 tactus?
2280 4220 2552 4303 Responf·

289 4300 426 4381 deo,
460 4321 586 4363 nou
625 4304 896 4387 protinus
933 4310 1160 4367 rectum
1200 4298 1419 4364 debere
1468 4300 1727 4379 censeri,
1778 4298 1940 4387 quod
1988 4322 2023 4365 a
2058 4292 2308 4363 rudibus
2346 4304 2409 4355 et
2442 4312 2551 4377 pu*
