2788 4713
1025 283 1306 350 CAPUT
1349 285 1516 350 vm.
2296 291 2415 358 149
2516 212 2537 247 ⁴

137 429 396 512 dispersi
433 427 704 506 fuissent,
739 428 868 511 quis
903 449 1032 493 noii
1065 429 1200 492 iure
1235 427 1633 494 mercenarios
1662 427 1930 494 mitius?
1992 431 2200 508 Quam
2230 433 2405 496 noxia

137 521 200 570 ct
251 507 452 588 turpis
503 507 568 566 in
614 525 884 587 praesens
929 505 1138 568 fuisset
1182 507 1302 569 loci
1349 507 1646 569 desertio?
1720 519 2086 590 quantopere
2132 509 2223 569 fre
2268 510 2405 572 isset

133 584 415 648 omnium
455 582 711 644 animos?
751 594 1034 664 quantum
1064 583 1216 665 apud
1258 596 1529 665 posteros
1568 585 1834 664 exemplo
1857 584 2189 648 nocuisset?
2282 586 2402 648 cci-

135 663 246 722 det
285 659 530 740 quidem
566 659 878 734 interdum,
915 672 983 720 ut
1019 659 1238 740 pastori
1277 681 1517 740 quoque
1556 660 1763 743 fugere
1801 661 2005 734 liceat,
2042 659 2158 723 hoe
2196 675 2314 738 est,
2350 662 2401 724 si

137 736 310 802 solus
349 736 482 818 ipse
513 735 831 816 impetitur,
865 736 916 796 si
954 757 1078 797 non
1115 737 1357 796 timetur
1396 747 1645 818 propter
1680 737 1803 798 eius
1841 735 2163 798 absentiam
2192 738 2402 800 Eccle-

141 813 270 874 siae
293 811 608 893 dissipatio.
686 811 922 887 Quodsi
959 833 1272 873 commune
1309 812 1392 874 illi
1434 826 1522 874 est
1560 835 1691 874 cum
1714 833 1899 896 grege
1934 816 2401 888 certunenf.nisi

141 890 222 952 ad
263 901 578 1024 elperemum
614 889 918 965 sustineat,
957 888 1212 970 perfidus
1250 901 1341 950 est
1361 889 1548 952 officii
1587 889 1873 951 desertor.
1948 888 2193 951 Privatis
2214 891 2401 952 maior

147 977 246 1026 m
301 977 786 1106 {ergit-mmm
805 1037 1180 1116 Stephanum.
1261 1039 1538 1104 Ostendit
1556 1041 1769 1118 Lucas,
1805 1039 1864 1102 in
1906 1038 2037 1122 ipso
2074 1020 2399 1124 persequu-
2472 1065 2487 1083 ·

145 1117 376 1178 tionum
401 1117 634 1192 ardore,
672 1137 795 1178 non
836 1119 918 1178 sic
954 1129 1148 1178 tamen
1174 1119 1499 1182 concidisse
1539 1119 1771 1200 piorum
1804 1119 2049 1191 animos,
2090 1118 2229 1198 quin
2267 1117 2399 1180 zelo

139 1194 456 1276 flagrantes
494 1193 729 1274 pietatis
767 1193 962 1254 officia
1002 1193 1290 1255 colerent.
1365 1195 1483 1256 Res
1522 1195 1713 1278 exigui
1748 1195 2035 1254 momenti
2074 1213 2199 1254 esse
2235 1193 2401 1256 vide-

135 1269 1264 1420 2233‘532ss32„⁹⁰‘33.222102212
1277 1271 1783 1409 efficatiae
1818 1269 2403 1409 absffi‘zsdssxffi

137 1423 472 1562 {ais-³⁸⁸2
512 1389 1593 1564 “3¹}.⁰‘}÷„5¹÷:;¹“;⁸:³2t⁶².ffi:2:335;
1639 1422 2402 1562 {2:.:¹s3÷22¹2¹¹2:{.⁰.¹z³⁵;·:
2444 1410 2455 1424 ’

137 1588 262 1636 tam
283 1519 603 1638 {illicilum
691 1575 826 1636 Hoc
879 1519 1040 1635 eni-g
1089 1576 1163 1636 ad
1203 1576 1585 1638 exercendam
1625 1596 1833 1637 eorum
1869 1574 2042 1636 sidem
2082 1573 2401 1656 plurimum

139 1653 459 1725 intererat,
513 1671 639 1712 non
679 1649 932 1731 relinqui
981 1653 1313 1731 proiectum
1362 1666 1424 1712 et
1473 1652 1613 1714 feris
1661 1652 1983 1733 expositum
2021 1653 2205 1713 sancti
2242 1673 2401 1714 mar-

137 1729 288 1810 tyris
341 1747 590 1808 corpus,
649 1728 714 1788 in
805 1749 882 1789 uo
933 1727 1196 1790 nobilem
1239 1728 1599 1810 triumphum
1640 1729 1906 1791 Christus
1944 1748 2056 1808 pro
2094 1727 2404 1811 Evangelii

135 1804 232 1866 sui
270 1803 464 1887 gloria
501 1816 718 1888 egerat.
849 1823 920 1868 cc
955 1823 1097 1865 vero
1135 1817 1417 1884 poterant
1446 1805 1683 1868 Christo
1702 1806 1921 1877 vivere,
1962 1805 2071 1865 nisi
2092 1803 2400 1886 Stephano

137 1881 206 1949 in
263 1881 470 1972 nini-tis
529 1881 870 1975 societatem
930 1901 1004 1964 ag
1047 1883 1240 1974 regar-i
1299 1882 1489 1962 parati
1550 1893 1760 1944 essent.
1804 1909 1814 1914 ·
1862 1881 2203 1976 Sepeliendi
2252 1899 2398 1972 efge

137 1967 444 2126 3:333.
469 1956 900 2125 ’ἑὲξωῗωξῗὲ
933 1979 996 2096 εἷ.
1036 1968 1381 2116 ..¹⁰:2132232
1389 1955 2399 2126 ⁶¹:3⁰2&‘2:525215322033‘23222

139 2131 326 2171 sai-ios
363 2109 800 2171 inconsiderato
839 2110 970 2172 selo
1006 2123 1418 2192 provocarent.
1498 2111 1853 2192 Quanquam
1890 2111 2181 2194 generalis
2220 2121 2398 2171 etiam

141 2187 318 2260 ratio,
356 2205 760 2268 quae-semper
795 2197 856 2246 et
893 2187 1114 2268 ubique
1153 2188 1308 2268 apud
1345 2189 1476 2270 pios
1513 2187 1709 2249 valere
1748 2184 1948 2264 dehet,
1984 2186 2189 2268 procul
2213 2186 2397 2248 dubio

137 2263 302 2346 apud
337 2282 440 2324 eos
477 2262 711 2346 pondus
755 2261 978 2324 hahuit.
1063 2265 1223 2326 Nam
1253 2263 1574 2346 sepeliendi
1613 2264 1756 2324 ritus
1796 2263 1868 2324 ad
1920 2285 2083 2345 spem
2134 2281 2398 2323 resurre-

141 2337 360 2401 ctionis
393 2349 656 2421 spectat,
714 2339 886 2401 sicuti
944 2341 1006 2401 in
1029 2339 1212 2403 hunc
1257 2341 1435 2402 finem
1485 2339 1758 2403 divinitus
1810 2340 2110 2402 ordinatus
2163 2338 2275 2401 fuit
2320 2337 2395 2400 ab

137 2416 318 2478 initio
354 2416 574 2475 mundi.
653 2415 857 2491 Quare
905 2418 1171 2478 immanis
1233 2416 1376 2477 haec
1424 2416 1722 2479 harbaries
1758 2435 1990 2496 semper
2028 2415 2223 2475 hahita
2260 2414 2399 2490 fuit,

139 2512 404 2573 corpora
436 2492 724 2574 insepulta
759 2506 973 2574 sponte
1012 2492 1160 2554 relin
1205 2512 1366 2552 uere.
1440 2491 1801 2555 Nesciebant
1836 2490 2068 2571 profani
2106 2490 2396 2567 homines,

139 2588 428 2649 quorsum
465 2580 580 2628 tam
617 2581 880 2631 sanctum
921 2570 1008 2631 ius
1044 2588 1186 2649 septi
1214 2569 1298 2629 cri
1335 2588 1462 2630 csse
1500 2568 1836 2629 ducerent:·
1864 2567 2039 2628 nohis
2073 2587 2216 2628 vero
2266 2566 2397 2628 finis

135 2664 272 2705 non
312 2656 402 2705 est
435 2645 792 2728 incognitus,
830 2664 1046 2727 nempe
1081 2656 1151 2706 ut
1185 2657 1507 2728 agnoscant
1530 2642 1870 2735 superstites
1909 2642 2170 2709 mandari
2200 2653 2396 2703 terrae

137 2741 398 2813 corpora
421 2721 582 2782 velut
617 2720 680 2781 in
719 2722 1063 2797 custodiam,
1101 2721 1294 2783 donec
1332 2721 1471 2782 inde
1510 2731 1854 2781 excitentur.
1930 2719 2107 2780 Unde
2133 2730 2399 2801 apparet,

133 2798 516 2889 viris-potins
541 2818 712 2879 quam
752 2798 999 2859 mortuis
1035 2797 1180 2860 utile
1220 2817 1345 2859 esse
1382 2798 1500 2858 hoc
1539 2794 1815 2858 officium.
1891 2796 2153 2857 Tametsi
2190 2796 2397 2857 huma-

133 2875 340 2935 nitatis
378 2894 618 2965 quoqne
655 2886 892 2936 nostrae
929 2886 1050 2950 est,
1109 2873 1373 2936 debitum
1421 2872 1764 2967 impendere
1807 2873 2155 2965 corporibus
2200 2872 2397 2935 hono-
2512 2932 2527 2941 ,

135 2970 290 3027 rem,
369 2950 538 3013 nibus
577 2949 806 3012 beatam
845 2951 1343 3012 immortalitatem
1382 2970 1721 3032 promissam
1763 2969 1889 3011 esse
1924 2972 2151 3011 scimus.

352 3040 584 3087 ecci-iim
617 3026 922 3103 plenissimi
1239 3072 1255 3089 .
1337 3027 1415 3089 In
1508 3028 1701 3089 lanctu
1752 3046 1990 3107 quoque
2038 3025 2270 3108 pietatis
2330 3038 2395 3089 et

135 3102 279 3163 fidei
359 3103 742 3165 rofcssionem
771 3124 1038 3165 commen
1083 3115 1143 3166 at
1161 3104 1363 3167 Lucas.
1493 3106 1606 3164 acit
1640 3102 1793 3164 enim
1833 3104 2176 3185 plerumque
2214 3103 2395 3165 tristis

135 3191 204 3241 et
239 3124 527 3241 §agustus
565 3192 828 3257 eventus,
854 3194 933 3259 ‘ut
1009 3176 1119 3242 {iae
1158 3182 1316 3262 prius
1353 3201 1557 3243 causae
1592 3178 1933 3259 placuerant
1968 3178 2396 3261 relinquantur.

133 3254 246 3316 Isti
285 3268 493 3317 contra
531 3254 693 3317 luctu
729 3278 839 3317 suo
877 3202 1195 3332 dedlarant,
1231 3277 1294 3319 se
1331 3269 1527 3318 morte
1565 3255 1851 3337 Stephani
1887 3257 2125 3317 minime
2160 3257 2395 3333 terreri,

135 3333 455 3468 gnominus
501 3332 562 3409 in
615 3352 816 3393 causae
867 3332 1293 3414 approbatione
1343 3346 1639 3416 perstent,
1696 3331 1869 3393 simul
1908 3346 2181 3425 quantam
2219 3332 2393 3394 unius

179 3408 394 3469 ominis
433 3409 674 3469 interitu
727 3409 1002 3470 iacturam
1055 3410 1265 3470 fecerit
1299 3409 1417 3470 Dei
1464 3408 1727 3471 Ecclesia
1786 3410 2175 3469 considerant.
2268 3409 2392 3469 Re-

135 3484 439 3565 pudianda
477 3496 670 3545 autem
710 3498 800 3547 cst
835 3506 1046 3547 vesana
1085 3485 1187 3548 illa
1223 3486 1622 3567 philosophia,
1662 3504 1809 3566 quae
1846 3484 2111 3565 homines
2150 3507 2391 3567 prorsus
2460 3502 2467 3507 ·

134 3560 407 3643 stupidos
449 3581 572 3622 esse
611 3561 774 3621 iubet
813 3574 876 3623 ut
916 3564 1157 3643 sapiant.
1236 3562 1471 3624 Stoicos
1511 3561 1653 3622 olim
1691 3582 1891 3627 sensus
1931 3562 2253 3624 communis
2293 3583 2394 3623 ex-

180 3650 342 3699 ertes
390 3636 570 3699 fuisse
619 3658 656 3698 ο
701 3650 888 3712 ortet,
949 3638 1050 3719 qui
1112 3638 1358 3699 affectus
1418 3656 1623 3698 omnes
1682 3636 1961 3699 arcebant
2007 3638 2081 3699 ab
2132 3639 2392 3701 homine.

134 3658 342 3776 {lodie
421 3714 614 3775 uidam
679 3715 886 3777 anatici
926 3716 1130 3776 eadem
1170 3714 1369 3775 deliria
1410 3713 1665 3775 libenter
1698 3713 1762 3775 in
1792 3713 2109 3777 Ecclesiam
2149 3716 2393 3777 invehe-

133 3802 294 3851 rent.
423 3792 472 3851 ‘t
504 3802 700 3853 tamen
740 3814 920 3871 quum
959 3792 1216 3855 ferreum
1255 3791 1328 3851 ab
1367 3790 1492 3853 aliis
1531 3802 1733 3872 pectus
1771 3790 2039 3874 exigant,
2094 3792 2243 3852 nihil
2278 3791 2391 3859 illis

135 3879 227 3929 est
265 3865 502 3929 mollius
523 3868 624 3928 vel
652 3869 829 3953 magis
853 3867 1273 3929 effeminatum.
1346 3867 1733 3929 Lacrimulam
1756 3889 1933 3929 unam
1970 3868 2033 3928 in
2072 3867 2195 3929 aliis
2234 3866 2393 3928 ferre

131 3964 264 4079 {ion
307 3956 585 4081 ρζῖξυηξ,
634 3944 682 4005 si
766 3944 861 4005 uid
897 3944 1027 4081 ilasa
1047 3957 1302 4080 pra-ptest
1320 3944 1497 4005 animi
1533 3957 1736 4007 votum
1773 3941 2263 4081 ³⁰23d³¹’·⁰⁰¹¹2³
2300 3954 2394 4080 eg

157 4040 330 4079 amen
425 4040 572 4081 ionis
611 4041 710 4081 mo
795 4044 840 4081 s.
1079 4042 1238 4083 scine
1349 4040 1553 4081 eorum
1594 4042 1727 4081 arro
1772 4042 1842 4081 an
1893 4042 1985 4080 am
2034 4039 2194 4081 iocos
2438 4060 2443 4071 -

137 4097 218 4157 ita
261 4094 502 4177 loquar,
563 4096 728 4159 Deus
775 4094 1102 4171 ulciscitur,
1163 4118 1340 4178 quum
1389 4096 1483 4160 vel
1522 4041 2055 4178 puc‘risgridendam
2091 4059 2390 4176 propinat.

135 4174 266 4234 Nos
304 4194 450 4234 vero
498 4176 742 4245 sciamus
793 4172 1074 4250 affectus,
1137 4195 1286 4254 quos
1337 4174 1625 4234 humanae
1673 4185 1914 4233 naturae
1954 4172 2116 4233 Deus
2159 4170 2391 4249 indidit,

138 4270 249 4329 per
287 4268 352 4311 se
393 4270 518 4309 non
558 4250 737 4331 magis
777 4268 902 4310 esse
929 4248 1190 4324 vitiosos,
1271 4271 1403 4311 uam
1441 4250 1631 4331 ipsum
1658 4260 1980 4322 auctorem,
2016 4245 2118 4309 sed
2140 4248 2391 4329 primum

139 4346 174 4385 a
215 4348 388 4387 cansa
428 4325 814 4387 aestimandos
855 4344 1009 4400 esse,
1072 4324 1207 4387 dein
1253 4346 1298 4385 e·
1325 4328 1373 4386 si
1410 4326 1651 4386 modum
1690 4346 1761 4385 ac
1796 4317 2259 4385 moderationem
2298 4337 2390 4385 te·-

139 4414 310 4465 nent.
384 4402 502 4465 Dei
539 4413 700 4467 certe
738 4402 910 4468 donis
948 4402 1048 4485 qui
1083 4402 1457 4487 gaudendum
1492 4418 1621 4465 esse
1656 4409 1866 4480 negat,
1914 4408 2125 4461 trunco
2164 4401 2255 4463 vel
2304 4400 2391 4464 la·
