2788 4713
263 275 274 288 '
368 283 445 344 18
1145 275 1248 338 {N
1285 265 1529 338 ACTA‘
1550 269 1842 335 APOST.

307 411 315 419 ’
365 403 682 483 Ecclesiam
721 419 840 482 Dei
888 420 1227 502 persequuti
1275 419 1514 482 fuerint.
1612 418 1729 482 Hic
1776 417 1933 478 enim
1963 416 2175 478 ‘infelix
2208 411 2392 482 exitu's
2430 441 2645 484 omnes

368 511 615 640 mancii.
697 571 938 652 oporiet
972 577 1173 651 ΐςῑιιιν.
1275 571 1483 636 videri
1539 572 1731 665 primo
1790 571 2006 632 intuitu
2065 574 2267 651 posset
2304 569 2405 632 lon
2454 588 2487 630 e
2572 592 2638 632 e-

365 653 474 714 tita
509 647 724 732 illatio..
786 651 880 711 Ne
922 672 999 712 ue
1049 653 1204 712 enim
1241 651 1293 712 si
1329 649 1406 709 de
1440 647 1799 740 Episcopatu
1846 646 2041 709 Iudae‘
2077 589 2502 709 transferenffo‘
2571 669 2644 709 o-

367 739 582 810 quutus
622 741 712 790 est
745 671 968 807 Daviii,
1017 728 1158 789 ideo
1209 728 1477 807 protinus
1524 735 1792 806 sequntur
1842 723 2181 808 eligendum
2231 745 2357 785 esse
2403 741 2643 788 succes-

365 825 563 868 sorem
603 819 636 866 a
675 805 997 886 discipulis:
1049 803 1153 864 sed
1193 803 1328 883 quia
1365 800 1632 864 sciebant
1668 802 1990 864 iniunctam
2030 799 2479 864 constituendae
2515 800 2643 864 Ec-

364 881 576 944 clesiae
627 901 824 942 curam
875 878 988 947 sibi
1039 897 1193 952 esse,
1251 877 1602 960 simulatque
1651 879 1908 940 ostendit
1946 877 2061 940 hoc
2096 877 2331 958 placere
2367 879 2643 940 Domino

363 957 514 1034 fieri,
551 967 765 1020 merito
806 957 942 1018 inde
983 955 1226 1038 colligit,
1266 955 1486 1016 debere
1525 955 1681 1036 ipsos
1723 957 1975 1036 exsequi.
2039 955 2193 1016 Nam
2232 973 2410 1036 quum
2450 975 2645 1036 opera

365 1041 568 1096 nostra
614 1035 702 1097 uti
745 1034 888 1095 v‘elit
924 1031 1087 1092 Deus
1136 1032 1209 1092 ad
1261 1031 1547 1093 t‘u’endum
1584 1031 1881 1094 Ecclesiae
1918 1031 2219 1116 regimen,
2268 1031 2509 1094 simulac
2564 1033 2643 1092 de

366 1112 490 1172 eius
537 1111 842 1174 voluntate
889 1107 1105 1170 redditi
1152 1129 1347 1170 sumus
1396 1109 1707 1184 certiores,
1756 1129 1981 1170 cessare
2030 1109 2117 1168 fas
2156 1124 2283 1168 non
2324 1119 2441 1184 est,
2490 1110 2641 1190 quin

362 1185 600 1249 strenue
649 1196 1008 1268 praestemus
1053 1183 1334 1267 'quicquid
1383 1186 1692 1246 ministerii
1738 1187 1928 1268 nostri
1988 1186 2140 1246 ratio
2191 1184 2463 1265 postulat.
2562 1185 2643 1244 Id

363 1275 524 1326 extra
571 1262 1030 1325 controversiam
1079 1273 1238 1338 erat,
1288 1273 1575 1344 quaenam
1640 1275 1838 1324 essent
1880 1261 2180 1323 Ecclesiae
2226 1273 2438 1342 partes.
2498 1251 2639 1322 ›Si-

364 1344 486 1401 cuti
522 1339 734 1413 bodie,
780 1349 960 1416 quum
1009 1338 1271 1399 audimus
1319 1337 1677 1401 abdicandos
1718 1359 1843 1399 esse
1883 1339 2119 1415 officio,
2169 1339 2271 1418 qui
2317 1357 2379 1398 se
2416 1354 2641 1420 perpe-

294 1451 298 1456 ·
362 1431 483 1479 ram
519 1417 586 1475 'et
619 1414 912 1496 flagitiose
951 1427 1186 1500 gerunt,
1227 1427 1288 1475 et
1325 1415 1472 1477 alios
1511 1413 1948 1500 subrogandos,
1997 1416 2148 1475 hanc
2201 1425 2395 1474 curam
2446 1417 2639 1476 susci-

362 1508 504 1574 pere
533 1490 798 1552 Ecclesia
835 1491 1032 1552 debet.
1093 1493 1301 1566 Quare
1338 1498 1761 1574 supervacuum
1802 1491 1933 1567 suit,
1972 1491 2046 1552 de
2088 1511 2155 1550 re
2208 1489 2452 1553 indubia
2501 1513 2637 1553 mo-

359 1585 499 1634 vere
538 1569 986 1648 quaestionem.'
1016 1558 1179 1652 Ergo
1211 1570 1645 1630 meminerimus
1668 1589 1902 1649 semper
1937 1578 2231 1648 reputare,
2272 1567 2412 1647 quid
2451 1569 2641 1630 officii

363 1645 550 1705 n'ostri
586 1645 681 1720 sit,
719 1658 787 1705 ut
815 1655 1058 1728 ‘praesto
1099 1647 1215 1705 sint
1253 1643 1517 1706 Domino
1557 1657 1760 1706 nostra
1799 1645 2099 1738 obsequia.
2193 1645 2395 1720 Quum·
2435 1657 2637 1705 autem

359 1723 434 1781 de
473 1721 730 1783 creando
770 1722 1064 1804 Apostoli>
1105 1723 1379 1796 disserat,
1416 1734 1625 1782 testem
1665 1723 2111 1783 resurrectionis
2161 1720 2301 1781 dicit
2349 1733 2639 1814 oportere

357 1795 505 1858 fieri.
579 1797 729 1882 ‘Quo
767 1797 1079 1882 significat,
1127 1821 1250 1858 non
1293 1818 1418 1859 esse
1454 1797 1871 1880 Apostolatum
1936 1801 2063 1860 sine
2098 1795 2407 1880 Evangelii
2454 1803 2633 1882 prae-

360 1875 557 1946 conio.
641 1875 812 1934 Unde
864 1875 1357 1969 etiamapparet,
1415 1883 1585 1968 quam
1638 1873 1834 1936 frivoli
1880 1875 1999 1936 sint
2046 1875 2323 1956 Episcopi
2360 1875 2636 1956 Papales‚

362 1951 461 2026 “ui
511 1951 696 2011 'm'u'tis
753 1964 982 2011 tantum
1034 1953 1200 2011 larvis
1250 1953 1475 2026 induti,
1539 1963 1733 2011 tamen
1787 1949 2211 2013 Amstolorum
2259 1953 2635 2026 successione

354 1973 710 2163 gloriantur.
781 2029 1000 2088 'Verum'
1045 2028 1187 2106 quid
1225 2027 1449 2088 simile?
1486 2027 1679 2088 sateor
1708 1975 1950 2108 quidlem
1990 2029 2212 2110 requiri
2248 2027 2344 2088 hic
2382 2051 2413 2088 a
2444 2027 2635 2089 Petro

386 2117 568 2163 estem
608 2101 936 2177 oculatum,
989 2102 1222 2182 qualem
1261 2123 1329 2164 se
1367 2103 1621 2164 Ioannes
1659 2104 1989 2186 praedicat,
2034 2125 2218 2185 quum
2269 2103 2435 2165 dicit:
2500 2105 2632 2182 Qui

355 2171 532 2254 vidit,
579 2181 977 2240 testimonium
1031 2171 1324 2260 'perhibet
1400 2182 1551 2241 Nam
1601 2181 1714 2241 hoc
1762 2181 1835 2240 ad
1875 2179 2049 2242 fidem
2089 2181 2461 2250 astruendam
2500 2199 2633 2242 non

355 2252 736 2318 mediocriter
771 2255 1017 2316 valebat.
1095 2255 1219 2318 Sed
1255 2258 1491 2317 interea
1540 2257 1792 2317 docendi
1845 2258 2191 2318 necessitate
2236 2279 2301 2318 se
2340 2271 2402 2318 et
2439 2257 2629 2320 colle-

366 2338 458 2395 ’δὲ
508 2329 774 2417 'astringit
819 2331 1060 2409 Petrus,
1107 2330 1245 2394 dum
1307 2333 1449 2395 facit
1493 2333 1939 2395 resurrectionis
2002 2333 2221 2396 Christi
2280 2351 2631 2417 praecones.

416 2412 876 2473 esurrectionem
915 2410 1213 2485 nominat,
1253 2418 1377 2471 non
1420 2411 1579 2491 quod
1618 2410 1692 2469 de
1734 2432 1803 2472 ea
1850 2411 1978 2473 sola
2028 2413 2232 2473 testari
2290 2414 2633 2489 conveniat,

357 2481 461 2550 sed
501 2489 636 2569 quia
672 2488 924 2569 primum
964 2487 1073 2549 sub
1113 2486 1219 2548 hac
1259 2486 1780 2569 comprehenditur
1816 2488 2022 2549 mortis
2073 2490 2465 2570 praedicatio:
2518 2492 2628 2550 de·-

355 2562 494 2627 inde
535 2566 810 2645 qu'oniam
851 2565 912 2623 in
955 2583 1022 2625 ea
1058 2564 1235 2625 finem
1287 2564 1707 2645 redemptionis
1754 2576 1991 2625 nostrae
2028 2576 2089 2626 et
2124 2567 2629 2647 complementum

355 2637 678 2717 habemus‚‘
719 2653 790 2721 et⁴
825 2646 1025 2702 secum
1075 2641 1256 2701 trahit
1313 2640 1571 2702 coeleste
1622 2640 1841 2703 Christi
1899 2642 2207 2723 imperium
2259 2656 2319 2702 et
2369 2643 2626 2723 Spiritus

355 2720 680 2799 ‘potentiam
721 2718 785 2776 in
823 2720 937 2778 suis
978 2718 1248 2799 tuendis,
1287 2718 1349 2779 in
1388 2717 1740 2779 stabilienda
1778 2718 1997 2779 iustitia
2038 2729 2097 2778 et
2136 2718 2519 2795 rectitudine,
2559 2720 2625 2780 in

355 2795 568 2863 ordine
625 2790 1061 2867 instaurando,
1156 2804 1386 2871 rursum
1464 2794 1528 2855 in
1599 2794 1892 2857 abolenda
1980 2794 2211 2877 peccati
2304 2798 2623 2879 tyrannide

353 2881 418 2929 et
478 2868 752 2935 omnibus
830 2870 1109 2949 ecclesIae
1187 2870 1455 2931 hostibus
1540 2871 1941 2963 profligandis.
2068 2872 2333 2933 Sciamus
2420 2874 2627 2954 itaque

355 2944 472 3006 hoc
549 2944 793 3005 ’nomine
869 2965 1236 3025 nequaquam
1331 2946 1558 3008 excludi
1607 2968 1759 3027 quae
1872 2948 2204 3010 necessario
2279 2948 2625 3010 cohaerent.

354 3014 600 3080 In'tere‘a'
656 3020 929 3080 notemus
987 3021 1477 3081 resurrectionem
1518 3032 1666 3103 prae
1731 3022 1855 3085 aliis
1921 3027 2400 3103 commemorari,
2456 3030 2627 3107 quasi

351 3096 690 3232 primarium
737 3092 1041 3179 Evangelii
1075 3100 1299 3179 ‘'caputt
1361 3098 1849 3178 quemadmodum
1906 3102 2083 3163 etiam
2139 3100 2358 3164 Paulus
2418 3102 2627 3181 docet,

387 3218 401 3233 .
461 3174 611 3237 Cor.
670 3178 778 3247 15,
844 3180 936 3251 173
1048 3172 1170 3233 Sed
1236 3195 1310 3235 an
1350 3174 1461 3235 soli
1536 3172 1816 3256 Apostoli
1902 3179 2352 3241 resurrectionis
2436 3192 2625 3243 testes

349 3248 635 3311 fuerunt?
689 3323 692 3325 v
733 3248 958 3310 Ann‘on
1063 3248 1176 3311 hoc
1273 3240 1511 3331 reliquis
1603 3254 1777 3313 etiam
1866 3252 2161 3336 discipulis
2254 3255 2366 3315 fuit
2449 3277 2619 3318 com-

349 3326 565 3387 mune?
639 3321 894 3387 'Videtur
941 3326 1348 3388 enim‘Petrus
1386 3328 1487 3388 has
1525 3342 1721 3411 partes
1761 3330 1902 3391 solis
1940 3330 2247 3412 Apostolis
2296 3331 2615 3397 vindicare.

348 3399 747 3497 Respondeo‚
799 3402 937 3483 ipsis
983 3403 1118 3463 ideo
1159 3402 1338 3464 tribui
1377 3405 1663 3467 eiusmodi
1713 3406 2003 3491 elogium,
2055 3409 2191 3491 quia
2240 3409 2625 3489 peculiariter

351 3478 425 3539 ad
473 3480 535 3541 ul
589 3474 802 3540 delecti
849 3481 1045 3554 erant,
1093 3492 1155 3540 ct
1201 3482 1527 3563 principem
1578 3482 1877 3546 habebant
1923 3485 2120 3547 locum
2158 3486 2219 3545 in
2258 3486 2617 3569 perferenda

347 3555 458 3617 hac
496 3555 552 3615 le
595 3556 826 3617 atione.·
884 3556 1024 3617 Non
1052 3567 1210 3640 ‘ergo
1249 3556 1362 3619 soli
1401 3572 1589 3635 erant,
1623 3562 1852 3621 tametsi
1888 3562 2209 3645 praecipui.

567 3646 660 3693 oto
697 3646 966 3709 102an-
1023 3635 1296 3715 Initium
1335 3638 1623 3717 temporis
1661 3638 1868 3719 sumit,
1916 3660 1985 3699 ex
2024 3656 2143 3719 quo
2196 3639 2397 3720 coepit
2435 3636 2615 3703 Chri-

347 3719 469 3770 stus
505 3709 882 3771 innotescere
935 3710 1192 3788 mundo‚
1270 3713 1434 3793 quod
1475 3712 1788 3797 diligenter
1825 3715 2255 3777 observandum
2296 3729 2415 3792 est,
2458 3715 2619 3778 sicut

347 3785 507 3867 prius
543 3784 839 3851 admonui.
915 3786 1064 3849 Nam
1099 3788 1229 3849 fere
1266 3809 1453 3881 usque
1492 3789 1564 3850 ad
1600 3806 1818 3851 annum
1856 3792 2214 3853 tricesimum
2260 3790 2438 3873 quasi
2532 3794 2617 3853 ri-

345 3871 510 3923 vatus
558 3861 742 3923 homo
793 3862 978 3923 latui-r.
1077 3864 1384 3949 cognosci
1431 3865 1586 3927 enim
1634 3867 1857 3943 noluit,
1916 3870 2028 3929 nisi
2076 3882 2363 3949 quatenus
2406 3870 2615 3933 santis

344 3952 583 4001 nostrae
631 3937 978 4001 referebat·
1023 3940 1184 4035 Ergo
1233 3960 1415 4020 quum
1462 3944 1690 4004 adesset
1736 3956 1965 4025 tempus
2016 3944 2278 4006 obeundi
2325 3949 2615 4025 muneris,

343 4016 506 4094 qnod
543 4008 628 4077 illi
664 4036 697 4075 a
734 4016 913 4077 Patre
951 4029 1079 4079 erat
1113 4019 1461 4096 iniunctum,
1498 4020 1662 4101 quasi
1702 4037 1887 4081 novus
1928 4022 2107 4082 homo
2154 4034 2219 4083 et
2255 4042 2457 4103 nuper
2497 4044 2613 4087 na·-

340 4102 436 4152 tus
484 4092 721 4173 prodiit.
817 4094 954 4154 Hoc
1016 4104 1295 4175 quantum
1354 4096 1429 4157 ad
1478 4094 1820 4157 frenandam
1876 4110 2140 4161 nostram
2202 4100 2611 4163 curiositatem

337 4166 546 4242 valeat,
583 4170 762 4231 cuivis
799 4170 1260 4233 animadvertere
1305 4181 1477 4253 pro'm
1550 4192 1649 4233 um
1684 4185 1791 4235 est.
1849 4175 2009 4238 Tota
2044 4196 2187 4237 sane
2224 4174 2448 4237 Christi
2482 4178 2609 4241 vita

335 4242 677 4320 admirabile
709 4244 1010 4329 speculum
1059 4247 1192 4327 plus
1221 4270 1391 4329 quam
1440 4270 1473 4311 a
1516 4248 1743 4310 solutae
1824 4252 2162 4313 erfectionis
2202 4244 2329 4313 esse
2367 4254 2605 4333 potuit:

333 4328 398 4379 et
428 4330 648 4399 tamen,
685 4336 754 4383 ut
789 4344 899 4385 nos
935 4327 998 4384 in
1040 4342 1246 4388 eorum
1282 4323 1481 4387 studio
1521 4336 1582 4385 et
1604 4327 1769 4387 consi
1812 4330 2077 4390 eratione
2099 4329 2409 4404 retineret,
2442 4350 2605 4410 quae

332 4406 504 4459 “ent
535 4399 784 4483 cognitu
821 4401 1066 4468 maxime
1103 4402 1461 4484 necessaria,
1504 4404 1789 4468 maiorem
1837 4408 1992 4471 vitae
2032 4420 2176 4469 mae
2204 4417 2439 4486 partem
2476 4406 2603 4469 ob-
