2788 4713
327 254 406 315 42
1021 324 1028 329 ,
1075 244 1196 309 'm
1234 244 1461 315 Ac'rA
1498 246 1789 311 Aros‘r.

327 392 504 455 nimis
553 403 641 455 est
688 390 979 459 alienum„
1053 388 1200 453 Scio
1263 392 1411 473 quid
1462 390 1667 453 Iudaei
1707 388 2105 474 obganniantt
2154 389 2299 453 alibi
2348 412 2590 475 quoque

325 485 551 569 Regios
597 484 752 547 filios
791 494 1001 544 mun)
1017 484 1337 545 nominari.
1434 486 1656 544 Verum
1704 482 1802 544 hic
1838 485 1915 544 de
1981 485 2313 547 sacerdotio
2372 485 2591 585 agitur,

328 570 500 653 quale
551 572 748 631 Moses
793 568 950 653 Regi
999 567 1397 629 Melchisedec
1435 567 1693 629 ascribit.
1770 566 1848 627 Et
1902 569 2169 629 sancitur
2205 570 2454 630 solemni
2494 593 2589 629 m-

325 647 644 708 reiurando
682 667 901 707 novum
951 646 1248 726 quoddam
1297 643 1707 707 sacerdotium.
1794 644 2063 725 Ideoque
2111 645 2263 707 nihil
2312 644 2410 707 bic
2460 644 2591 707 vul-

326 744 465 807 gare
505 734 606 784 aut
645 722 1013 785 ordinarium
1052 721 1431 805 cogitandum
1471 733 1575 779 est.
1652 721 1841 803 Atqui
1881 720 2096 782 Davidi
2146 722 2322 783 nefas
2362 721 2593 799 suisset,

324 820 389 895 se
437 801 713 883 ingerere
747 800 828 888 „³¹¹
878 799 1132 879 aliquam
1169 809 1400 877 partem
1462 796 1725 859 muneris
1774 798 2169 860 sacerdotalis.
2261 799 2589 876 Quomodo

324 892 510 977 igitur
561 892 862 955 diceretur
937 901 1037 970 ln:
1059 887 1301 949 Aarone
1351 888 1576 963 maior,
1614 901 1675 950 et
1711 890 1779 951 in
1816 904 2170 973 perpetuum
2209 914 2241 954 a
2264 892 2401 953 Deo
2442 886 2627 953 c'on-'

323 978 620 1041 sectatus?
707 977 1024 1040 Caeterum
1078 974 1214 1065 quia
1254 976 1587 1057 praesentis
1614 974 1876 1037 instituti
1899 997 2021 1039 non
2050 988 2158 1051 est,
2194 989 2394 1040 totum
2424 976 2595 1039 Psal-

320 1074 836 1195 &ffie-{Pssz'ffi}
849 1050 1182 1188 ἴοὶἳξῗὲἶῗὲ,
1205 1048 1348 1209 ¹¹22}
1384 1064 1477 1188 ἷῗ
1479 1050 2122 1193 ³303¹233²n¹23³⁶2¹33
2126 1054 2337 1193 1¹:3⁹2.
2347 1056 2569 1207 Ρέἰέῗξ
2572 1056 2594 1116 ³

322 1221 450 1271 tum
487 1208 559 1270 ad
595 1206 918 1269 secundum
955 1170 1288 1263 membrum
1325 1225 1525 1267 versus
1572 1206 1647 1265 de
1694 1206 2029 1269 sternendis
2080 1207 2191 1269 sub
2242 1208 2425 1291 pedes
2478 1208 2593 1271 ho-

323 1286 532 1359 stibus,
569 1285 702 1365 lege
740 1300 892 1363 quae
931 1279 1208 1341 annotavi
1247 1280 1320 1341 ad
1359 1280 1411 1341 1.
1442 1281 1589 1343 Cor.
1610 1288 1711 1358 15,
1749 1287 1846 1349 25.
2059 1304 2106 1336 -·

471 1366 566 1426 36.
649 1358 817 1418 Ceno
853 1359 1034 1433 {giun-
1067 1371 1393 1433 cognosceu.
1487 1356 1907 1421 Confitebatur
1952 1358 2165 1423 domus
2202 1360 2385 1423 Israel
2438 1376 2617 1424 ven-²*

319 1450 519 1499 turum
561 1454 685 1497 esse
727 1434 1050 1508 Christum,
1089 1434 1194 1515 qui
1233 1434 1555 1515 promissus
1596 1436 1815 1497 suerat:
1866 1437 2135 1519 quisnam
2172 1458 2317 1501 vero
2358 1438 2459 1501 bic
2500 1461 2593 1501 es-

321 1526 434 1587 set,
471 1531 597 1574 non
619 1510 882 1572 tenebat.
921 1510 1132 1593 Itaque
1173 1510 1478 1573 concludit
1514 1510 1759 1586 Petrus,
1794 1512 1995 1575 Iesum
2045 1514 2147 1595 qui
2198 1528 2321 1577 tam
2370 1528 2593 1577 contu·

320 1591 565 1651 meliose
605 1587 840 1649 babitus
879 1586 1094 1661 fuerat,
1132 1586 1256 1649 imo
1296 1588 1462 1649 cuius
1500 1608 1722 1680 nqmen
1758 1602 2077 1683 tantopere
2114 1591 2595 1670 exsecrabantur,

320 1664 2077 1821 {3253}3333&‘fiatnffimnz'fffflissuffl‘ffiz¹
2098 1668 2399 1823 33ῗῖἑῖ
2438 1670 2591 1809 aii}

317 1817 490 1883 vobis
527 1815 846 1901 sperandus
888 1830 998 1891 est,
1037 1838 1213 1899 quam
1253 1816 1350 1877 hic
1388 1830 1618 1879 creatus
1658 1830 1719 1879 et
1757 1818 1925 1881 datus
1964 1843 1997 1881 a
2034 1820 2192 1883 Deo.
2254 1822 2453 1883 Porro
2493 1823 2591 1885 di·-

321 1898 406 1959 cit
443 1896 736 1973 Factum,·
761 1894 898 1977 quia
935 1894 1102 1954 Deus
1137 1892 1319 1955 Pater
1365 1892 1523 1955 bunc
1573 1894 1663 1955 illi
1700 1894 1993 1957 honorem
2033 1895 2375 1959 contulerit.
2450 1899 2589 1961 Do-

321 1973 470 2035 mini
518 1970 758 2035 titulum
807 1970 1124 2053 coniungit
1173 1992 1308 2031 cum
1357 1969 1586 2032 Christi
1636 1972 1913 2046 nomine,
2004 1972 2102 2034 uia
2147 1974 2327 2057 vulgo
2373 1976 2589 2039 tritum

256 2069 271 2101 ο
320 2062 450 2113 erat
488 2049 643 2131 apud
681 2048 955 2124 Iudaeos,
994 2046 1103 2108 bac
1141 2046 1273 2129 lege
1312 2046 1655 2129 ungendum
1695 2067 1819 2109 esse
1856 2048 1947 2108 Re
1991 2062 2344 2131 emptorem,
2382 2064 2454 2113 ut
2493 2074 2589 2115 ca·
2638 2090 2643 2097 -

320 2139 431 2209 put
467 2138 621 2195 esset
659 2123 992 2197 Ecclesiae,
1030 2136 1090 2184 at
1135 2143 1209 2183 ue
1249 2121 1339 2184 illi
1375 2121 1749 2205 gubernandi
1830 2137 2047 2187 otestas
2094 2147 2438 2208 summaque
2488 2150 2590 2189 re-

239 2250 250 2267 .
319 2224 450 2264 rum
491 2202 758 2263 omnium
797 2202 1052 2261 daretur.
1181 2210 1208 2261 t
1243 2212 1436 2260 totam
1488 2199 1723 2261 Israelis
1816 2222 2013 2263 omum
2064 2202 2415 2283 compellat,
2466 2207 2588 2267 acsi

320 2282 580 2353 diceret,
634 2278 997 2360 Quicunque
1034 2276 1197 2336 inter
1233 2275 1609 2337 filios‘lacob
1652 2276 1881 2339 censeri
1920 2278 2163 2355 volunt,
2216 2300 2283 2341 ac
2327 2281 2591 2363 promis-

321 2382 449 2421 sum
489 2356 668 2418 etiam
709 2367 1067 2438 exspectant,
1108 2366 1274 2416 certo
1316 2354 1509 2416 sciant
1547 2352 1705 2414 hunc
1744 2371 1891 2429 esse,
1928 2377 2055 2418 non
2096 2354 2295 2420 alium.
2354 2355 2589 2421 Domus

323 2433 566 2498 nomine
603 2434 813 2508 utitur,
854 2431 992 2513 quia
1029 2450 1249 2492 nomen
1287 2430 1435 2491 illud
1476 2443 1536 2491 et
1562 2431 1838 2494 familiam
1856 2431 2021 2493 Deus
2060 2454 2094 2494 a
2117 2433 2361 2516 reliquis
2388 2435 2589 2496 omni·-

320 2513 431 2574 bus
469 2510 708 2593 populis
747 2507 1173 2593 segregaverat.
1249 2505 1330 2569 Et
1361 2507 1507 2568 dicit
1532 2507 1815 2582 ἀσφαλῶς,
1850 2509 1947 2570 vel
1970 2509 2214 2586 Secure,
2252 2531 2377 2572 non
2402 2511 2589 2574 modo

319 2603 389 2652 ut
438 2610 645 2650 eorum
683 2597 912 2648 mentes
957 2584 1148 2668 solida
1193 2583 1411 2646 fiducia
1458 2583 1626 2646 sistat
1676 2580 1741 2643 in
1784 2583 2065 2662 Christo,
2110 2587 2215 2649 sed
2262 2601 2330 2648 ut
2380 2608 2590 2652 omnes

321 2662 650 2740 haesitandi
684 2685 849 2726 ansas
889 2661 1190 2744 praecidat
1227 2661 1450 2738 multis,
1492 2657 1693 2742 quide
1732 2662 1907 2724 certis
1946 2684 2064 2744 quo
2110 2685 2185 2724 ue
2210 2663 2389 2726 rebus
2407 2683 2590 2748 saepe

319 2743 584 2805 libenter
637 2739 961 2822 ambigunt.
1050 2738 1126 2798 In
1174 2737 1431 2811 clausula
1480 2735 1767 2800 orationis
1816 2737 2029 2800 iterum
2078 2765 2099 2800 ι
2124 2741 2195 2804 lis
2246 2740 2591 2832 exprobrat,

323 2818 485 2954 quqid
527 2838 662 2878 eum
709 2815 1126 2966 cmcitiixeriat,
1165 2829 1234 2876 ut
1269 2814 1484 2953 maiori
1524 2813 1925 2952 comc‘izegatisqe
1964 2816 2174 2954 dogne
2208 2829 2355 2909 tacti
2374 2818 2586 2958 {dele-

321 2916 417 2956 me
459 2917 582 2954 mm
619 2915 680 2954 as
725 2912 855 2952 iren
1098 2913 1236 2952 uum
1286 2913 1360 2951 au
1390 2912 1481 2952 ern
1533 2912 1649 2951 iam
1786 2913 1835 2950 ri
1896 2915 1993 2954 um
2105 2915 2291 2956 omini
2430 2916 2462 2956 c
2523 2916 2585 2957 e..

321 2973 442 3034 siae
481 2971 675 3052 praesi
718 2988 834 3041 em,
874 2981 938 3029 et
975 2967 1018 3027 S
1065 2968 1234 3028 iritus
1271 2967 1461 3028 sancti
1510 2967 1780 3035 datorem
1816 2967 2015 3031 Iesum
2063 2991 2187 3034 esse
2237 2937 2460 3046 sciant,
2510 2993 2589 3036 eo

325 3049 457 3131 plus
495 3043 900 3108 vehementiae
937 3043 1009 3103 ba
1059 3057 1118 3104 et
1157 3043 1469 3105 accusatio.
1546 3045 1691 3104 Nam
1733 3042 1858 3104 eius
1898 3046 2123 3122 caedes,
2162 3068 2281 3108 non
2326 3049 2589 3110 crudeli-

323 3124 461 3186 tatis
499 3123 680 3184 modo
711 3133 781 3182 et
819 3119 1056 3182 sceleris
1089 3119 1266 3201 plena
1286 3133 1438 3197 erat,
1475 3119 1581 3181 sed
1598 3119 1776 3180 etiam
1799 3118 2067 3184 immanis
2090 3124 2360 3186 adversus
2388 3124 2589 3188 Deum

325 3199 638 3284 perfidiae,
688 3195 981 3280 sacrilegii
1023 3209 1085 3257 et
1121 3193 1597 3278 ingratitudinis,
1648 3195 1785 3256 deni
1832 3219 1905 3258 ue
1944 3201 2272 3282 apostasiae
2308 3203 2586 3264 testimo-

324 3281 508 3342 nium.
585 3277 810 3337 Verum
849 3274 932 3336 ita
969 3273 1260 3334 vulnerari
1301 3272 1608 3354 oportuit,
1655 3292 1733 3332 ne
1770 3295 1805 3334 a
1896 3278 2289 3366 quaerendam
2338 3278 2589 3340 medici-

325 3377 460 3418 nam
496 3352 654 3415 tardi
695 3364 906 3413 essent.
981 3351 1193 3432 Neque
1229 3361 1430 3410 tamen
1463 3349 1735 3443 propriis
1778 3350 2049 3414 manibus
2099 3373 2233 3416 eum
2280 3354 2588 3416 crucifixe·

325 3439 488 3508 rant,
526 3431 631 3491 sed
671 3431 785 3490 boc
825 3427 896 3490 ad
935 3440 1160 3490 reatum
1200 3427 1330 3510 plue
1369 3439 1508 3488 satis
1546 3424 1797 3502 sufficit,
1848 3427 2009 3509 quod
2061 3450 2193 3490 eum
2246 3431 2586 3512 postulave-

326 3522 458 3572 rant
495 3507 567 3568 ad
605 3517 878 3570 mortem.
955 3505 1082 3566 Nos
1165 3524 1361 3584 noque
1402 3502 1507 3566 hac
1546 3525 1693 3564 voce
1734 3503 1823 3564 rei
1860 3505 2235 3586 peragimur,
2272 3508 2323 3568 si
2363 3507 2479 3570 iam
2522 3508 2588 3568 in

325 3586 500 3648 coelo
581 3582 934 3648 lorificatum
977 3580 1137 3643 cruci
1177 3581 1368 3664 gimus
1417 3581 1479 3642 in
1508 3579 1743 3658 mobis,
1794 3583 2057 3643 ostentui
2094 3603 2229 3646 eum
2280 3583 2591 3666 habentes,

327 3675 392 3726 ut
429 3663 511 3724 ait
603 3657 870 3744 postolus
909 3656 1096 3718 Hebr.
1133 3665 1194 3734 6,
1230 3663 1290 3724 6.

489 3767 595 3834 37.
675 3763 796 3830 His
833 3756 1000 3832 vero
1041 3759 1294 3842 auditis,
1335 3765 1702 3850 compuncti
1742 3771 1891 3828 sunt
1928 3761 2148 3841 corde,
2188 3775 2255 3830 et
2290 3765 2590 3834 dixerunt

323 3871 542 3948 Petro,
581 3876 644 3932 et
677 3865 949 3954 reliquis
991 3862 1358 3951 Apostolis=
1408 3863 1592 3951 Quid
1634 3863 1945 3930 faciemus
1984 3866 2109 3928 viri
2148 3863 2417 3935 fratres?
2475 3867 2583 3934 38.

329 3975 556 4036 Petrus
579 3960 756 4037 dixit
793 3957 954 4032 illis:
1019 3967 1491 4032 poenitentiam
1536 3967 1745 4052 agite,
1800 3976 1867 4031 et
1904 3962 2273 4052 baptizetur
2308 3969 2584 4055 quisque

325 4083 606 4142 vestrum
647 4072 715 4135 in
757 4071 1022 4138 nominc
1063 4067 1211 4132 Iesu
1253 4061 1515 4144 Christi,
1556 4067 1623 4131 in
1664 4067 2108 4133 remissionem
2151 4081 2584 4156 peccatorum,

329 4183 396 4240 et
439 4171 765 4260 accipietis
807 4169 1052 4236 donum
1093 4167 1369 4254 Spiritus
1410 4169 1633 4234 sancti.
1712 4169 1820 4234 39.
1866 4165 1975 4234 Ad
2016 4190 2133 4236 vos
2174 4171 2345 4235 enim
2388 4171 2585 4258 perti-

325 4283 439 4341 net
476 4274 851 4360 promissio,
893 4283 958 4336 et
999 4267 1176 4337 filios
1217 4279 1497 4349 vestros,
1551 4279 1616 4334 et
1670 4289 1897 4336 omnes
1956 4270 2068 4356 qui
2122 4269 2353 4356 procul
2405 4279 2583 4336 sunt:

327 4393 750 4466 quoscunque
795 4371 1209 4441 advocaverit
1251 4369 1575 4442 Dominus
1616 4369 1801 4440 Deus
1843 4377 2083 4438 noster.
