2788 4713
1008 245 1283 311 CAPUT
1322 245 1482 352 XVI.
1847 281 1855 290 ·
1877 251 1892 259 “
2247 253 2365 319 319
2421 278 2432 296 ⁴

274 396 336 460 fl.
414 393 605 478 Quam
638 403 1053 470 pmrgrassem
1098 387 1432 472 Phrygiam.
1514 390 1629 452 nte
1675 391 1882 453 recitat
1929 384 2146 466 Lucas,
2195 415 2364 476 quam

122 471 331 536 sedulo
382 483 443 530 et
488 471 741 552 graviter
786 468 1119 530 incubuerit
1154 469 1365 530 Paulus
1416 489 1548 530 cum
1597 469 1712 528 suis
1761 469 2068 532 comitibus
2118 473 2180 533 in
2229 473 2374 533 offi-’

128 553 279 612 cium
329 546 605 606 docendi:
657 545 797 604 dicit
845 549 999 604 enim
1045 565 1154 626 per
1198 546 1385 606 varias
1432 544 1704 628 regiones
1743 543 1914 604 Asiae
1949 548 2204 608 minoris
2249 551 2366 609 iter

128 626 333 686 fecisse
374 620 683 704 spargendi
711 621 1011 704 Evangelii
1049 641 1233 682 causa.
1292 621 1409 681 Sed
1452 641 1574 680 rem
1615 641 1784 679 unam
1824 620 2100 700 imprimis
2139 644 2367 684 memo-

128 715 257 762 ratu
298 698 531 781 dignam
572 697 781 773 refert,
831 698 989 776 quod
1035 698 1199 758 vetiti
1249 697 1464 758 fuerint
1513 718 1544 756 a
1593 697 1813 776 Spiritu
1851 697 1966 770 Dei
2019 698 2077 757 in
2127 701 2368 778 quibus-·

130 779 261 838 dam
311 775 451 835 locis
499 774 741 834 verbum
791 773 861 832 de
913 773 1151 834 Christo
1206 773 1416 833 facere.
1498 773 1676 848 Quod
1728 773 1798 832 ad
1839 767 2163 832 ornandum
2205 775 2368 836 Pauli

126 851 537 934 Apostolatum
576 871 697 910 non
742 872 942 931 parum
980 851 1150 920 valet,
1189 851 1337 910 sicut
1374 847 1580 930 procul
1623 847 1800 908 dubio
1843 847 1862 907 i
1904 868 1963 908 se
2005 847 2074 908 ad
2116 871 2368 930 pergen-

131 932 267 990 dum
308 949 427 988 non
459 925 777 1010 vulgariter
811 927 1091 986 animatus
1132 924 1261 1002 fuit,
1301 948 1477 1007 quum
1519 923 1800 1006 Spiritum
1901 926 1954 986 ei
1992 923 2104 985 sibi
2142 926 2268 986 viae
2310 939 2370 987 et
2450 993 2459 998 ,

130 1006 427 1065 actionum
480 1004 681 1062 duce'r'n
733 1023 857 1062 esse
906 1015 1266 1084 agnosceret.
1369 1003 1552 1080 Quod
1613 1014 1801 1061 autem
1849 1002 1973 1060 sine
2025 1002 2372 1074 discrimine,

132 1099 482 1176 quocunque
520 1079 756 1140 ventum
799 1091 954 1153 erat,
1002 1098 1063 1137 se
1098 1078 1182 1137 'ad
1234 1078 1562 1138 docendum
1614 1075 1924 1158 parabant,
1971 1076 2034 1137 id
2081 1077 2373 1138 faciebant

132 1179 240 1240 pro
284 1160 387 1216 'sua
440 1156 747 1216 vocatione
799 1167 861 1214 et
910 1175 975 1213 ex
1022 1151 1135 1214 Dei
1188 1155 1494 1214 mandato:
1546 1175 1679 1214 nam
1729 1155 1854 1213 sine
1905 1155 2249 1234 exceptione
2297 1151 2371 1214 ad

130 1231 613 1315 promulgandum
653 1235 811 1291 inter
892 1243 1052 1290 entes
1092 1229 1468 1313 Evangelium
1509 1231 1663 1292 missi
1703 1240 1902 1306 erant,
1939 1231 2052 1310 sed¹
2079 1231 2372 1292 Dominus

128 1310 431 1370 consilium
472 1311 636 1367 suu'm
680 1307 739 1366 in
786 1250 1169 1390 guzernando
1211 1325 1410 1366 eorum
1451 1329 1641 1386 cursu,
1723 1305 1840 1384 uod
1875 1304 2042 1400 prius
2079 1305 2370 1384 decultum

129 1398 287 1459 erat,·
332 1387 389 1444 in
442 1386 459 1444 i
506 1386 579 1443 sis
624 1396 954 1463 temporum
1004 1381 1257 1443 articulis
1296 1379 1589 1465 pateFecit.
1735 1396 1990 1442 uaeritur
2028 1395 2255 1460 tamen,
2307 1382 2378 1444 Si

128 1483 235 1522 nus
281 1481 409 1521 uam
448 1402 648 1520 d'ocuit
681 1458 893 1519 Paulus
932 1460 1043 1519 nisi
1077 1459 1506 1520 manuducente
1545 1459 1800 1540 Spiritu,
1825 1459 2008 1550 qualis
2046 1459 2222 1519 bodie
2264 1459 2377 1520 erit

128 1541 246 1596 Ecc
273 1539 425 1597 esiae
486 1534 762 1598 ministris
815 1533 1135 1595 vocationis
1193 1556 1329 1596 suae
1382 1535 1702 1611 certitudo,
1801 1557 1860 1594 ui
1909 1532 2376 1599 nullis'oraculia

129 1614 455 1673 redduntur
507 1612 823 1686 certiores,
877 1613 1108 1690 quando
1158 1609 1516 1690 loquendum
1573 1611 1764 1671 sit-ve
1835 1611 2178 1672 tacendum?
2254 1613 2382 1672 Re:

129 1688 431 1782 spondeo,
486 1687 685 1762 Quum
723 1695 841 1746 tam
882 1689 996 1747 late
1035 1697 1261 1768 pateret
1298 1686 1603 1768 provincia
1642 1686 1838 1763 Pauli,
1890 1709 2035 1768 opus
2074 1684 2165 1749 illi
2201 1687 2378 1748 fuisse

129 1763 411 1848 singulari
463 1762 787 1822 directione
839 1763 1107 1844 Spiritus.
1200 1761 1341 1828 Non
1394 1765 1561 1824 unius
1609 1761 1725 1823 loci
1775 1761 1868 1824 vel
1919 1783 2226 1844 paucarum
2279 1787 2378 1824 ur-

130 1841 293 1903 bium
333 1851 557 1899 creatus
599 1851 721 1899 erat
757 1840 1093 1921 Apostolus,
1133 1839 1237 1900 sed
1268 1839 1601 1900 mandatum
1632 1847 1948 1922 acceperat
1970 1842 2378 1924 promulgandi

129 1939 243 2000 per
289 1916 480 1976 Asiam
534 1927 598 1974 et
643 1915 935 1998 Europam
983 1914 1311 1998 Evangelii,
1362 1915 1528 1996 quod
1581 1928 1704 1978 erat
1754 1921 1813 1976 in
1865 1919 2010 1978 mari
2057 1919 2374 1978 vastissimo

129 1993 457 2080 navigare.'
501 1989 702 2066 Quare
743 2012 861 2052 non
906 2004 992 2072 est
1029 1995 1187 2074 quod
1231 1995 1540 2068 miremur,
1588 1994 1650 2054 in
1689 1993 1786 2054 illa
1827 1994 2068 2054 confusa
2106 1995 2378 2074 amplitu-

128 2066 269 2130 dine
300 2069 491 2128 Deum
534 2067 695 2148 quasi
733 2083 1001 2148 porrecta
1042 2091 1213 2132 manu
1253 2071 1480 2152 signum
1522 2068 1604 2129 illi
1645 2069 1889 2144 dedisse,
1929 2066 2206 2150 quorsum
2243 2084 2386 2131 ten-

128 2147 268 2206 dere
319 2165 450 2204 eum
499 2145 590 2206 vel
642 2163 947 2226 quousque
996 2147 1275 2228 progredi
1323 2145 1517 2206 vellet.
1607 2147 1724 2206 Sed
1765 2146 1948 2211 altera
1988 2147 2081 2206 bic
2123 2148 2380 2208 nascitur

128 2219 307 2303 magis
366 2219 663 2296 diffinitis,
710 2225 960 2297 uaestio,
1024 2242 1126 2281 cur
1176 2223 1464 2284 Dominus
1514 2221 1573 2281 in
1626 2223 1764 2282 Asia
1827 2224 2082 2296 vetuerit
2125 2223 2377 2284 Paulum

128 2299 323 2379 loqui,
372 2309 433 2356 et
482 2299 540 2356 in
583 2298 682 2356 Bit
722 2299 913 2379 yniam
954 2300 1151 2361 venire
1193 2319 1385 2379 passus
1424 2318 1547 2358 non
1587 2298 1676 2356 sit.
1763 2298 1911 2376 Nam
1949 2299 1997 2358 si
2035 2319 2380 2379 responsum

132 2376 328 2447 fuerit,
368 2375 631 2457 indignas
674 2374 849 2434 fuisse
884 2388 1091 2467 gentes
1133 2374 1264 2435 istas
1304 2374 1502 2433 salutis
1528 2372 1816 2448 doctrina,
1856 2394 2083 2433 rursum
2114 2376 2379 2455 excipere

128 2452 353 2512 licebit:
418 2452 542 2513 Cur
590 2450 931 2511 Macedonia
980 2450 1253 2530 dignior?
1330 2450 1453 2523 Qui
1516 2449 1754 2507 nimium
1811 2468 2014 2529 sapere
2073 2472 2102 2509 a
2149 2462 2383 2529 petunt,

128 2548 323 2588 causas
374 2527 539 2587 buius
594 2526 934 2587 discriminis
984 2526 1280 2609 assignant
1340 2524 1400 2583 in
1451 2522 1816 2600 bominibus,
1880 2526 2040 2615 quod
2087 2472 2379 2587 ssominus

127 2623 391 2686 quosque
433 2604 707 2694 dignetur
743 2624 850 2664 suo
888 2602 1234 2683 EvangeliO,
1280 2610 1347 2660 ut
1383 2598 1454 2660 ad
1494 2598 1630 2659 fidei
1670 2600 2014 2681 obsequium
2053 2624 2380 2683 propensos

124 2682 313 2740 videt:
354 2680 453 2740 sed
495 2700 615 2759 ipse
657 2681 755 2739 lon
804 2699 835 2738 e
875 2678 1054 2739 aliter·
1078 2676 1443 2758 pronuntiat,
1484 2696 1694 2757 nempe
1727 2698 1787 2736 se
1823 2678 2010 2757 palam
2044 2680 2378 2759 apparuisse

128 2756 251 2831 bis,
290 2775 321 2816 a
365 2756 573 2835 quibus
613 2762 734 2815 n'on
804 2756 889 2816 uit
926 2754 1247 2834 quaesitus,
1287 2764 1347 2812 et
1386 2753 1470 2812 bis
1512 2752 1816 2832 loquutum
1857 2774 2010 2829 esse,
2049 2757 2148 2848 qui
2190 2754 2261 2814 de
2303 2774 2378 2816 eo

130 2853 253 2893 uon
304 2830 525 2892 interro
572 2832 761 2903 abant.
864 2830 1035 2891 Unde
1087 2830 1241 2889 enim
1292 2828 1554 2890 docilitas
1606 2841 1674 2907 et·
1716 2829 2082 2911 obsequendi
2133 2832 2376 2907 animus,

127 2910 237 2969 nisi
280 2928 345 2967 ex
385 2909 503 2969 eius
562 2908 805 2989 ’piritu't'
864 2921 1083 2969 certum
1126 2906 1301 2991 igitur
1342 2918 1459 2981 est,
1509 2905 1653 2965 alios
1691 2906 1817 2968 aliis
1853 2927 1960 2969 suo
1999 2909 2211 2969 merito
2253 2930 2378 2968 non

124 2984 438 3066 praeferri,
490 3008 666 3065 quum
720 2998 923 3046 natura
973 2982 1265 3065 peraeque
1320 3002 1524 3043 omnes
1574 3003 1605 3042 a
1643 2982 1758 3042 fide
1798 2983 1982 3043 aversi
2019 2986 2152 3045 sint.
2227 2986 2374 3045 Ideo

128 3061 272 3121 nihil
321 3062 523 3121 melius
575 3084 745 3142 quam
795 3061 1033 3122 liberam
1082 3060 1219 3119 Deo
1272 3068 1620 3141 potestatem
1671 3059 2037 3139 relinquere,
2086 3073 2151 3121 ut
2190 3062 2376 3144 gratia

124 3160 227 3199 sua
268 3139 543 3221 dignetur
575 3151 675 3199 aut
714 3139 902 3219 privet
939 3159 1086 3218 quos
1126 3136 1307 3197 visum
1350 3147 1454 3197 est.
1531 3136 1611 3195 Et
1663 3148 1824 3196 certe
1876 3147 1939 3195 ut
1965 3138 2237 3219 gratuita
2289 3150 2378 3199 est

125 3226 361 3275 aeterna
414 3216 535 3275 eius
588 3216 836 3288 electio,
882 3216 964 3275 sic
1002 3215 1256 3306 gratuita
1294 3212 1520 3273 vocatio
1562 3212 1851 3272 censenda
1893 3224 1980 3272 est
2067 3234 2176 3274 uae
2212 3214 2378 3273 illinc

122 3292 285 3363 fluit,
323 3313 387 3350 ac
426 3291 666 3350 minime
714 3293 775 3351 in
816 3291 1144 3351 bominibus
1196 3289 1432 3350 fundata
1474 3299 1598 3362 est,
1650 3288 1884 3368 quando
1925 3290 2044 3349 nihi
2108 3290 2376 3371 cuiquam

124 3367 325 3426 debet.
405 3368 607 3441 Quare
646 3367 916 3441 sciamus,
956 3386 1023 3427 ex
1060 3386 1181 3425 uno
1220 3384 1419 3424 merae
1458 3365 1677 3446 gratiae
1719 3364 1885 3425 sonte
1924 3366 2165 3446 prodire
2203 3367 2377 3427 nobis

122 3439 523 3522 Evangelium.
598 3444 805 3522 Neque
846 3454 1037 3503 tamen
1078 3442 1210 3501 Deo
1262 3441 1373 3519 ipsi
1423 3441 1572 3499 iusta
1602 3445 1770 3500 ⁴ratio
1813 3440 2006 3515 deest,
2054 3464 2157 3502 cur
2205 3444 2379 3504 certis

122 3516 471 3599 quibusdam
512 3518 729 3579 offerat
764 3541 933 3579 suum
969 3514 1381 3599 Evangelium,
1433 3514 1580 3576 alios
1619 3530 1812 3577 autem
1852 3528 2212 3599 praetereat:
2275 3518 2382 3581 sed

123 3593 419 3655 rationem
458 3593 611 3654 illam
646 3595 784 3655 'dico
825 3597 883 3655 in
925 3614 1138 3655 arcano
1180 3594 1301 3653 eius
1343 3591 1589 3653 consilio
1634 3590 1830 3653 latere.
1907 3594 2151 3654 Interim
2190 3596 2382 3659 sciant

52 3658 65 3681 ⁸
122 3669 358 3745 fideles,
415 3668 538 3731 aliis
635 3669 935 3731 ostbabitis
984 3670 1165 3753 gratis
1214 3689 1277 3728 se
1326 3666 1501 3728 fuisse
1549 3680 1818 3744 vocatOS,
1869 3690 1945 3731 ne
1999 3673 2157 3752 quod
2210 3673 2379 3731 unius
2453 3694 2466 3713 ¹

121 3746 242 3807 Dei
284 3746 583 3807 misericor
622 3748 713 3806 iae
754 3759 840 3808 est
878 3747 947 3808 ad
988 3767 1051 3806 se
1092 3745 1337 3807 trahant.
1404 3743 1475 3803 In
1512 3743 1750 3837 reliquis
1785 3758 2002 3823 autem,
2040 3767 2189 3827 quos
2219 3748 2379 3807 nulla

118 3821 429 3883 manifesta
468 3844 633 3884 causa
656 3824 815 3885 Deus
851 3823 1063 3897 reiicit,
1090 3820 1450 3916 profundam
1491 3820 1689 3882 iudicii
1722 3822 1844 3883 eius
1877 3822 2167 3903 abyssum,
2205 3844 2380 3903 quam

120 3898 427 3979 inquirere
469 3898 549 3959 sas
589 3920 711 3960 nou
754 3911 860 3976 est,
910 3900 1105 3959 mirari
1146 3897 1383 3959 discant.
1462 3894 1776 3960 Caeterum
1813 3899 1988 3959 Asiae
2027 3917 2242 3959 nomeu
2285 3898 2382 3963 bic

120 3997 236 4058 pro
278 3996 346 4035 ea
386 3988 552 4055 parte
593 3977 838 4057 capitur,
878 3995 1026 4056 quae
1063 3976 1145 4036 sic
1182 3973 1426 4055 proprie
1467 3973 1620 4034 dicta
1658 3986 1764 4035 est.
1839 3975 2041 4051 Quum
2081 3974 2221 4035 dicit
2258 3974 2382 4033 Lu·-

120 4074 254 4127 cas,
308 4064 560 4113 tentasse
600 4052 845 4113 Paulum
885 4063 945 4111 et
985 4051 1105 4112 eius
1145 4052 1387 4112 comites
1435 4050 1497 4111 in
1535 4048 1864 4133 Bithyniam
1905 4051 2135 4122 venire,
2187 4050 2380 4109 donee

118 4128 419 4210 prohibiti
448 4141 584 4191 suut
622 4150 653 4191 a
692 4126 949 4210 Spiritu,
1002 4129 1257 4189 ostendit
1294 4148 1442 4201 noo,
1471 4126 1644 4187 ruisse
1685 4125 1934 4189 oraculis
1974 4125 2228 4193 directos
2267 4126 2380 4185 nisi

121 4228 303 4342 qgum
345 4226 584 4345 nepesse
624 4206 811 4285 foret,
858 4217 925 4267 ut
971 4204 1033 4267 iu
1072 4204 1247 4269 rebus
1288 4200 1480 4269 dubiis
1520 4215 1580 4265 et
1616 4202 1904 4285 perplexis
1940 4201 2231 4265 Dominus
2261 4202 2378 4265 suis

119 4303 154 4344 a
201 4302 325 4345 esse
362 4305 427 4345 so
455 4296 531 4347 et.
