2788 4713
2211 14 2334 21 *τ-

1057 230 1332 295 CAPUT
1375 233 1587 295 XXVI.
2338 236 2455 301 m

185 372 422 436 stitiam
461 384 524 435 et
558 375 734 437 vitam
769 373 1108 438 hominibus
1129 376 1459 457 acquirere:
1500 375 1754 437 fructum
1784 387 1975 439 autem
1997 376 2440 441 resurrectionis

191 460 270 509 et
329 452 538 511 mortis
591 463 720 512 tam·
759 452 986 515 Iudaeis
1046 454 1218 533 qua'm
1265 452 1541 537 gentibus
1606 470 1729 512 esse
1785 473 2170 517 communem.
2253 454 2337 515 At
2418 454 2443 516 ἰ

187 546 384 605 quum
423 526 648 589 nullum
683 529 750 619 3¹¹.
781 529 945 621 Lege
994 530 1198 589 mortis
1233 530 1326 589 vel
1365 528 1809 621 resurrectionis
1848 527 2062 620 clarum
2102 542 2163 591 et
2197 529 2361 622 litera
2388 549 2442 605 e,

185 604 2445 771 {¹:⁵22ssss’9552223‘13253‘5‘3p‘lssss‘ffl,¹¹3”q2⁸:’d3¹32¹:.:¹‚2032¹s2.²52

187 753 276 845 agi
317 754 616 847 Christum
653 775 856 818 omnes
903 757 1132 849 figuras.
1223 758 1302 818 Et
1337 758 1695 839 Prophetae,
1732 756 1833 846 qui
1883 756 1958 817 de
1998 753 2233 847 Christo
2272 776 2442 837 aper-

187 840 320 890 tius
365 834 659 893 vaticinati
708 844 882 908 sunt,
941 833 1111 893 sicuti
1157 835 1391 895 nonnisi
1442 854 1511 894 ex
1558 832 1728 896 sonte
1764 832 1869 893 1110
1922 832 2295 905 hauriebant,
2354 834 2441 897 ita

189 906 382 967 fidem
420 906 689 969 fecerunt
732 930 840 970 suo
878 909 1148 983 saeculo,
1194 910 1340 972 nihil
1385 928 1453 971 se
1504 930 1723 971 novum
1760 908 1855 971 vel
1900 908 2153 970 alienum
2201 929 2235 968 a
2270 908 2443 971 Mose

186 982 454 1043 tradere.
525 984 650 1045 Iam
684 1005 829 1046 vero
869 998 970 1046 aut
1005 1006 1166 1045 suam
1202 986 1537 1070 apologiam
1575 1006 1701 1047 non
1746 984 1995 1047 absolvit
2028 982 2274 1057 Paulus,
2338 996 2441 1045 aut

187 1058 519 1120 illustriora
553 1060 890 1123 testimonia
926 1060 1170 1145 collegit
1207 1082 1409 1123 eorum
1451 1062 1741 1136 omnium,
1788 1062 1851 1123 in
1890 1060 2101 1143 quibus
2140 1060 2437 1143 professus

193 1134 420 1209 suerat,
457 1134 668 1198 Mosen
707 1148 770 1199 et
805 1135 1132 1218 Prophetas
1171 1136 1344 1201 fuisse
1380 1138 1493 1200 sihi
1532 1150 1817 1201 auctores.
2336 1144 2349 1154 '

351 1217 446 1277 23.
481 1212 724 1274 Primus
756 1234 840 1273 ex
871 1218 1300 1275 manutium.
1362 1216 1661 1297 Tempore
1699 1214 1933 1295 quidem
1956 1212 2269 1295 praecessit
2290 1214 2441 1293 quo-

188 1286 446 1349 rundam
485 1290 732 1350 aliorum
769 1290 1151 1349 resurrectio:
1201 1310 1415 1371 nempe
1450 1293 1498 1353 si
1536 1292 1845 1371 recipimus
1882 1303 2135 1367 sanctos,
2182 1308 2435 1370 quorum

189 1366 424 1425 mentio
464 1363 578 1424 fuit
613 1364 768 1445 apud
803 1365 1198 1460 Evangelistas
1237 1368 1473 1447 (matth.
1509 1375 1609 1447 27,
1648 1369 1801 1442 62),
1839 1368 2041 1430 exiisse
2082 1386 2115 1427 e
2153 1364 2437 1446 sepulcris

189 1450 338 1500 ante
376 1438 706 1515 Christum,
752 1442 912 1522 quod
959 1463 1022 1503 m
1063 1450 1134 1502 ra
1179 1454 1306 1503 tum
1354 1444 1563 1503 Enoch
1614 1456 1676 1504 et
1722 1444 1888 1507 Eliae
1937 1444 2241 1524 competit.
2317 1438 2441 1500 Sed

279 1518 296 1535 '
507 1514 604 1577 hic
662 1529 860 1592 vocat,
915 1518 1066 1581 sicut
1112 1539 1146 1579 a
1171 1518 1284 1597 ibi,
1345 1520 1625 1601 primitias
1686 1522 2114 1611 resurgentium
2172 1516 2252 1598 (1.
2294 1515 2439 1581 Cor.

189 1598 296 1665 15,
332 1592 478 1669 28.)-
549 1592 758 1672 Itaque
807 1614 1027 1655 nomen
1075 1592 1192 1657 hoc
1237 1616 1463 1656 causam
1515 1595 1712 1676 potius
1762 1597 2029 1677 desngnat
2056 1616 2237 1675 quam
2282 1605 2438 1653 tem-

189 1667 364 1760 poris
400 1667 700 1759 ordinem:
740 1670 876 1749 quia
919 1671 1186 1733 Christus
1222 1690 1533 1753 resurgens
1572 1674 1775 1733 mortis
1811 1672 2004 1733 victor
2040 1682 2103 1731 et
2136 1671 2289 1732 vitae
2328 1668 2442 1729 do-

191 1764 410 1881 fflffe
441 1756 1183 1884 23:5¹12m'z‘...¹552¹:3¹¹⁰
1197 1747 2445 1903 ιωηὲῗξῗωῗέῗῖἶῒ»,ἷῗὲιῖἒῗαεῗὲἓῗὲἷὲἶ

193 1896 342 1979 quid
379 1895 452 1957 ad
477 1895 719 1989 plcpam
759 1898 1093 1993 felicitatem
1129 1912 1375 1981 spectat,
1396 1976 1411 1991 ·
1432 1897 1599 1993 sicuti
1636 1920 1745 1995 per
1776 1898 2051 1961 tenebras
2086 1906 2341 1987 mortem
2378 1904 2441 1984 et

189 1992 680 2111 (1))ῒᾶἓεῖἳεῖῗὲ
717 1976 1050 2114 ἱὶῗεῗιιῗῃ
1067 1986 1248 2113 15:3³2
1277 1998 1481 2114 13ῗέιὶ
1489 1998 1555 2126 ,⁸¹
1620 1978 1829 2134 ‹ignite-s
1867 1971 2441 2132 gicagilbffiffiia‘iui:

189 2124 454 2187 tenebris
493 2124 636 2187 vidit
693 2149 860 2191 ucem
899 2148 1185 2213 magnam,
1222 2130 1337 2191 les.
1371 2134 1437 2205 9,
1470 2136 1555 2193 2:
1594 2130 1757 2204 item,
1793 2128 1951 2189 Ecce
1986 2124 2266 2186 tenebrae
2289 2139 2439 2212 ope-

188 2204 352 2263 rient
385 2214 604 2263 terram
627 2246 646 2280 ,
693 2218 754 2267 et
791 2206 978 2288 caligo
1015 2204 1300 2298 populos:
1352 2225 1531 2297 super
1564 2218 1627 2267 te
1665 2219 1859 2266 autem
1895 2200 2193 2291 videbitur
2224 2200 2453 2281 Doun-x

193 2299 328 2354 nus,
364 2277 476 2337 les.
513 2284 610 2351 60,
645 2286 734 2345 2..
769 2282 948 2355 item,
993 2280 1150 2339 Ecce
1187 2281 1256 2341 iis
1294 2280 1399 2359 qui
1434 2300 1496 2339 m
1532 2282 1795 2339 tenebris
1828 2291 1965 2339 sunt
2010 2286 2307 2336 exornetur
2343 2272 2436 2331 lu-

191 2375 364 2428 men,
413 2352 528 2415 les.
565 2360 671 2429 42,
709 2361 835 2422 16.:
869 2356 1046 2428 item,
1093 2354 1252 2415 Dedi
1288 2366 1351 2415 te
1387 2355 1454 2414 in
1492 2354 1681 2416 lucem
1720 2354 2014 2444 gentium,
2051 2350 2193 2411 ibid.
2228 2354 2340 2424 42,
2376 2352 2437 2412 6.

197 2444 261 2493 et
296 2439 394 2506 49,
429 2437 487 2496 ⁶.
564 2431 750 2505 Quod
784 2441 980 2492 autem
1018 2430 1114 2490 lux
1148 2431 1302 2493 vitae
1339 2450 1374 2490 e
1412 2431 1633 2491 Iudaea
1666 2429 1835 2492 latius
1874 2426 2127 2492 diffundi
2175 2425 2247 2490 ad
2284 2441 2435 2506 gen-

196 2520 287 2571 tes
323 2505 619 2584 debuerit,
655 2527 727 2572 ex
761 2505 1162 2588 compluribus
1198 2506 1449 2570 oraculis
1484 2517 1665 2594 patet.

251 2771 262 2790 ‘
361 2761 462 2827 24.
545 2759 732 2824 Haec
789 2766 1000 2824 autem
1050 2777 1244 2845 quum
1298 2774 1423 2843 pro
1476 2754 1548 2822 s'e
1602 2755 1876 2833 diceret,
1932 2753 2165 2818 Festus
2204 2767 2434 2834 magna

197 2883 360 2928 voce
403 2863 516 2940 ait,
549 2859 826 2937 Insanis,
865 2856 1100 2937 Paule,
1137 2856 1376 2924 multae
1417 2855 1649 2924 literae
1692 2867 1756 2922 te
1798 2854 1882 2921 ad
1924 2853 2237 2920 insaniam
2282 2867 2435 2912 con-

144 3030 151 3039 ,
197 2970 472 3030 vertunt.
564 2961 668 3025 25.
707 2959 793 3025 Et
832 2955 1098 3038 Paulus,
1138 2959 1292 3025 Non
1339 2960 1623 3038 insanio,
1662 2959 1899 3044 inquit,
1941 2953 2182 3040 optime
2222 2950 2437 3025 Feste,

200 3062 314 3130 sed
351 3063 640 3128 veritatis
680 3072 746 3127 et
785 3054 1149 3146 sobrietatis
1188 3058 1392 3125 verba
1438 3057 1731 3146 eloquor.
1812 3059 1913 3123 26.
1955 3053 2091 3120 Scit
2138 3052 2309 3118 enim
2348 3045 2434 3112 de

199 3164 296 3230 bis
333 3165 508 3242 Rex,
550 3161 725 3250 apud
769 3183 960 3250 quem
1003 3171 1069 3228 et
1108 3159 1316 3228 libere
1357 3159 1625 3247 loquor:
1676 3157 1880 3224 latere
1940 3156 2107 3222 enim
2154 3173 2298 3218 eum
2339 3149 2439 3213 ni·-

201 3263 294 3328 hil
331 3261 906 3350 horum-arbitror,
955 3282 1171 3348 neque
1229 3263 1399 3326 enim
1459 3259 1588 3324 hoc
1628 3261 1695 3322 in
1736 3255 1977 3343 angulo
2024 3261 2269 3340 gestum
2322 3256 2435 3314 est.

201 3365 300 3430 27.
358 3359 623 3440 Credis,
682 3361 826 3425 Rex
883 3361 1206 3446 Agrippa,
1264 3357 1645 3445 Prophetis?
1724 3357 1907 3434 Scio,
1979 3352 2181 3442 quod,
2209 3346 2439 3416 credis.

200 3465 298 3530 28.
337 3465 626 3549 Agrippa
669 3472 879 3527 autem
921 3458 1004 3525 ad
1047 3459 1317 3525 Paulum
1366 3466 1471 3543 ait,
1514 3459 1714 3525 Brevi
1754 3455 2105 3545 persuades
2146 3449 2323 3528 mihi,
2361 3448 2437 3513 ut

203 3565 348 3630 fiam
385 3563 808 3632 Christianus.
841 3615 850 3626 .
885 3561 990 3626 29.
1028 3558 1118 3625 Et
1156 3559 1394 3628 Paulus
1438 3565 1547 3639 ait,
1590 3559 1887 3646 Optarim
1925 3579 1961 3622 a
1983 3555 2155 3634 Deo,
2196 3561 2263 3618 et
2300 3569 2439 3613 mo·

107 3741 120 3748 ,
206 3665 344 3732 dica
383 3666 453 3730 in
493 3673 676 3753 parte
721 3671 787 3728 et
824 3681 1070 3747 magna,
1109 3682 1245 3728 non
1289 3673 1354 3729 te
1393 3661 1625 3740 modo,
1666 3657 1783 3726 sed
1826 3677 2049 3724 omnes
2092 3647 2437 3732 otiam-qui

203 3787 300 3835 me
340 3763 637 3844 audiunt,
695 3761 891 3828 bodie
937 3783 1077 3828 esse
1120 3761 1310 3842 tale3‚
1353 3763 1563 3853 qualis
1606 3780 1727 3848 ego
1769 3779 1936 3838 sum,
1978 3754 2255 3842 exceptis
2293 3751 2435 3812 vin-

207 3863 362 3929 culis
399 3863 516 3930 his.
605 3861 708 3928 3⁰.
760 3861 847 3928 Et
887 3859 1053 3927 baec
1094 3883 1176 3928 eo
1216 3861 1522 3950 loquuto,
1563 3861 1833 3928 surrexit
1866 3859 2007 3924 Rex
2051 3875 2127 3918 ac
2166 3851 2437 3916 Praeses

210 3974 270 4030 et
303 3963 616 4043 Bernioe,
658 3972 723 4028 et
763 3963 876 4050 qui
916 3960 1282 4028 assidebant
1325 3966 1438 4028 eis.
1515 3963 1617 4028 31.
1655 3962 1741 4028 Et
1780 3979 1974 4046 quum
2014 3953 2441 4022 secessissent,

207 4061 632 4152 loquebantur
683 4065 855 4127 inter
896 4085 996 4140 se,
1039 4059 1354 4142 dicentes,
1408 4063 1591 4129 Nihil
1630 4071 1835 4128 morte
1878 4066 1989 4122 aut
2026 4049 2301 4122 vinculis
2341 4046 2437 4110 di-

209 4187 390 4254 gnum
431 4163 585 4230 facit
623 4161 822 4228 bomo.
859 4165 996 4232 iste.
1087 4165 1188 4230 32.
1241 4165 1525 4252 Agrippa
1582 4173 1789 4229 autem
1831 4160 2031 4223 Festo
2089 4153 2271 4227 dixit,
2321 4145 2438 4212 Di-

213 4267 366 4346 mitti
405 4273 662 4354 poterat
703 4262 898 4330 homo
941 4262 1062 4344 hic,
1103 4266 1156 4332 si
1197 4285 1332 4351 non
1375 4263 1765 4354 appellasset
1804 4257 2175 4328 Caesarem.
2437 4262 2454 4279 ’
