2788 4713
1125 270 1402 337 CAPUT
1440 272 1511 337 Χ.
2315 284 2433 347 193

155 442 274 485 nec
317 418 396 483 ad
435 436 726 481 summum
763 415 1064 499 perducat.
1150 418 1272 479 Sed
1311 418 1579 500 Papistae
1626 416 1887 481 bifariam
1934 420 2049 487 boc
2094 420 2234 485 loco
2280 422 2427 489 abu:-

155 510 406 561 tuntur:
474 516 612 556 nam
651 495 781 576 quia
829 516 1034 575 preces
1083 508 1144 555 et
1193 494 1593 576 eleemosynas
1634 496 1897 558 Cornelii
1942 492 2105 561 Deus
2152 494 2425 583 respexit,

159 591 232 640 nt
275 596 420 641 eum
461 572 759 655 Evangelii
795 572 912 631 fide
952 562 1220 645 donaret,
1258 573 1316 634 id
1357 573 1429 633 ad
1468 573 1935 653 praeparationes
1972 594 2005 636 a
2042 594 2105 636 se
2143 574 2425 640 confictas

161 656 568 729 detorquent,
628 650 786 729 quasi
825 670 928 709 sua
965 648 1247 709 industria
1287 660 1346 709 et
1382 649 1599 709 virtute
1640 650 1816 708 homo
1852 652 2111 729 acquirat
2146 653 2319 716 fidem
2360 666 2423 717 et

159 730 284 787 Dei
337 726 580 803 gratiam
629 746 874 805 operum
917 726 1134 785 meritis
1169 736 1512 786 antevertat.
1589 726 1823 786 Deinde
1864 727 2216 819 generaliter
2255 730 2422 793 colli-

165 813 352 885 gunt,
417 802 574 861 bona
622 822 800 883 opera
851 802 932 861 sic
985 821 1108 861 csse
1159 802 1493 876 meritoria,
1556 814 1625 862 ut
1669 800 1909 883 singulis
1949 817 2269 885 augeantur
2302 808 2421 869 Dei

212 880 395 941 ratiae
446 887 624 958 prout
669 878 864 937 meriti
911 890 1064 938 sunt.
1163 878 1236 937 In
1289 876 1488 959 priore
1528 876 1699 938 nimis
1750 878 2055 959 pueriliter
2116 880 2415 959 falluntur,
2460 884 2467 889 ’

165 901 314 1017 {um
375 954 602 1035 fingunt
649 974 790 1014 acce
832 966 892 1013 ta
941 954 1116 1015 fuisse
1165 952 1300 1013 Deo
1354 954 1623 1015 Cornelii
1671 974 1887 1035 opera,
1948 965 2257 1047 antequam
2305 958 2421 1021 fide

169 1032 526 1095 illuminatus
563 1034 734 1091 esset'.
871 1050 938 1091 ec
972 1050 1121 1090 vero
1159 1030 1232 1090 ad
1267 1030 1655 1091 'refellendam
1678 1051 1883 1091 eorum
1922 1030 2208 1092 inscitiam
2242 1032 2422 1128 longe

214 1108 425 1169 etenda
471 1119 564 1167 est
611 1105 922 1187 probatio:
983 1105 1127 1167 nihil
1191 1107 1344 1166 enim
1393 1106 1665 1189 precibus
1716 1108 2000 1201 consequi
2049 1109 2243 1188 potuit
2283 1132 2426 1191 quun

170 1132 312 1247 fides
359 1184 771 1264 praecederet,
833 1203 984 1263 quae
1040 1181 1166 1243 sola
1213 1182 1386 1245 nobis
1435 1184 1508 1243 ad
1574 1183 1861 1245 orandum
1920 1205 2149 1244 ianuam
2214 1186 2421 1277 aperit.

163 1264 364 1342 Atque
412 1261 473 1320 id
524 1258 851 1341 prudenter
897 1256 1174 1339 expendit
1209 1259 1601 1341 Augustinus,
1664 1261 1765 1340 qui
1804 1256 2109 1341 Pelagium
2151 1262 2423 1325 deridens

162 1337 322 1421 quod
363 1336 594 1398 diceret
631 1334 805 1395 fidem
845 1328 1116 1416 precibus
1164 1337 1494 1429 impetrari,
1555 1348 1863 1416 antequam
1913 1336 1974 1396 in
2029 1336 2267 1399 bomine
2306 1338 2427 1405 ulla

161 1425 345 1477 essete
405 1413 560 1487 Quis
600 1412 890 1473 medicum
931 1425 1206 1493 quaeret,
1243 1414 1466 1492 inquit,
1504 1414 1613 1474 nisi
1654 1411 1755 1493 qui
1793 1414 1907 1473 iam
1949 1434 2017 1473 ex
2054 1426 2221 1494 parte
2257 1438 2423 1478 sana·

155 1504 254 1553 tus
303 1490 456 1551 erit?
533 1490 668 1581 Ipsa
718 1500 1053 1549 autem‘est
1101 1488 1236 1551 fidei
1283 1489 1736 1569 sanitas,‘quae
1774 1506 1895 1549 ¹nos
1946 1488 2175 1571 pulsare
2225 1492 2422 1553 docet.

155 1569 480 1629 Praeterea
533 1577 718 1626 timor
755 1562 873 1625 Dei
927 1576 986 1625 et
1077 1566 1218 1627 ietas
1271 1565 1426 1625 clare
1476 1564 1909 1641 demonstrant,
1972 1566 2195 1647 Spiritu
2243 1568 2421 1631 fuisse

155 1644 518 1735 regenitum.
591 1642 744 1701 Nam
782 1586 1071 1702 Ezechiel)
1095 1646 1223 1721 (36,
1258 1647 1376 1719 26.)
1429 1640 1582 1701 hanc
1626 1641 1855 1702 laudem
1893 1642 2007 1703 soli
2044 1638 2179 1704 Deo
2232 1642 2423 1707 vindi-

157 1734 275 1793 cat,
313 1732 386 1790 ut
425 1719 647 1779 formet
689 1718 866 1778 corda
907 1716 1206 1777 hominum
1248 1719 1320 1777 ad
1358 1718 1445 1778 sui
1484 1718 1776 1778 timorem.
1851 1718 1931 1779 Et
1966 1719 2178 1781 [esaias
2205 1724 2421 1802 (11,2.)

157 1798 450 1879 Spiritum
493 1794 719 1855 timoris
759 1794 1002 1854 Domini
1043 1792 1104 1855 in
1148 1793 1386 1856 Christo
1430 1794 1573 1854 dicit
1610 1794 2013 1873 requiescere,
2072 1809 2140 1856 ut
2174 1799 2422 1860 sciamus

153 1886 450 1953 nusquam
491 1891 663 1951 posse
703 1868 958 1930 inveniri
1007 1870 1118 1931 nisi
1167 1870 1243 1931 in.-
1286 1870 1409 1931 eius
1456 1870 1749 1931 membris.
1838 1872 1978 1933 Plus
2019 1894 2190 1953 quam
2242 1875 2423 1957 igitur

155 1952 404 2013 stultum
446 1960 572 2020 est,
611 1945 705 2007 bic
745 1946 1042 2008 bominem
1082 1947 1306 2041 fingere
1344 1949 1403 2007 in
1449 1945 1715 2009 Cornelii
1751 1967 2033 2028 persona,
2072 1950 2173 2030 qui
2214 1964 2423 2013 natura

111 2031 130 2063 ·'
155 2028 312 2087 duce
351 2025 424 2085 ad
463 2026 637 2084 vitam
695 2032 992 2083 aeternam
1055 2037 1274 2104 aspnret
1321 2024 1412 2085 vel
1469 2025 1704 2086 nitatur.
1788 2024 1939 2085 Ideo
1978 2026 2193 2087 insulse
2236 2030 2418 2088 ratio-

155 2106 454 2177 cinantur,
498 2122 608 2163 uos
649 2121 896 2181 operum
933 2100 1150 2161 meritis
1193 2122 1361 2181 posse
1384 2098 1502 2161 Dei
1538 2100 1780 2185 gratiam
1821 2100 2182 2182 praevenire.
2236 2098 2421 2181 Quod

155 2180 235 2241 ad
271 2176 594 2240 secundum
635 2196 898 2237 errorem
937 2190 1180 2258 spectat,
1219 2178 1355 2238 dum
1394 2178 1625 2261 fingunt
1647 2198 1937 2259 quemque
1972 2192 2237 2241 nostrum
2276 2201 2421 2263 pro—

151 2268 228 2317 ut
265 2255 506 2316 meritus
547 2265 636 2313 est
673 2253 873 2335 augeri
910 2254 1225 2315 maioribus
1267 2256 1485 2337 gratiis,
1524 2276 1645 2315 non
1686 2276 1900 2336 magno
1940 2258 2184 2339 negotio
2225 2252 2420 2318 refelli

157 2344 382 2415 potest.
459 2328 722 2391 Primum
776 2350 1051 2412 negamus
1093 2330 1401 2412 quicquam
1443 2329 1738 2392 bonorum
1781 2351 2024 2410 operum
2070 2330 2237 2393 nobis
2276 2355 2421 2414 sup-

156 2422 393 2491 petere,
431 2407 590 2487 quod
629 2429 750 2468 non
774 2407 937 2467 Deus
974 2409 1228 2500 gratuito
1265 2405 1327 2468 in
1372 2428 1481 2467 nos
1504 2405 1839 2467 contulerit.
1914 2407 2153 2468 Deinde
2193 2421 2419 2472 rectum

163 2487 466 2546 donorum
503 2482 616 2544 Dei
655 2505 822 2543 usum
862 2483 933 2542 ab
976 2504 1103 2564 ipso
1145 2503 1381 2563 quoque
1423 2503 1545 2542 esse
1587 2482 1859 2556 dicimus,
1915 2495 2090 2562 atque
2139 2482 2288 2545 banc
2326 2506 2418 2546 se-

161 2559 418 2622 cundam
459 2579 580 2619 esse
618 2560 737 2620 eius
776 2561 1042 2642 gratiam,
1081 2560 1240 2639 quod
1281 2571 1441 2620 recte
1480 2559 1697 2619 utimur
1730 2558 2025 2650 prioribus
2066 2555 2187 2620 eius
2228 2553 2419 2621 donis.

161 2635 384 2698 Tertio
425 2651 694 2717 negamus
733 2637 1046 2717 quicquam
1087 2657 1193 2697 nos
1233 2634 1511 2718 operibus
1552 2654 1794 2708 mereri,
1835 2655 1985 2714 quae
2020 2653 2253 2716 semper
2289 2659 2419 2698 mu-

155 2713 269 2776 tila
323 2722 460 2773 sunt
508 2723 566 2772 et
615 2713 838 2773 vitiosa.
917 2712 1257 2774 Conciliant
1295 2710 1531 2792 quidem
1574 2710 1744 2772 nobis
1784 2711 1941 2772 bona
1981 2732 2157 2792 opera
2198 2707 2419 2795 gratiae

153 2800 565 2884 augmentum,
603 2789 701 2849 sed
744 2810 867 2849 non
907 2810 1012 2848 suo
1049 2787 1291 2850 merito:
1333 2802 1573 2869 accepta
1597 2787 1749 2847 enim
1773 2787 1910 2848 Deo
1952 2807 2076 2848 esse
2116 2809 2191 2849 ne
2238 2801 2421 2850 ueunt

155 2869 279 2930 nisi
320 2887 448 2926 cum
489 2866 686 2938 venia,
744 2887 916 2946 quam
965 2865 1104 2926 fidei
1155 2865 1447 2926 beneficio
1501 2867 1576 2925 im
1625 2876 1833 2925 etrant.
1914 2864 2117 2940 Quare
2156 2887 2279 2926 soa
2330 2877 2422 2928 est

153 2946 306 3006 fides
345 2963 494 3035 quae
547 2943 796 3022 pretium
838 2942 950 3002 illis
989 2943 1208 3004 statuit.
1295 2943 1431 3002 Hoc
1466 2965 1563 3001 mo
1609 2963 1645 3000 o
1696 2939 1967 3034 precibus
2004 2941 2121 3003 suis
2160 2954 2223 3003 et
2260 2943 2419 3004 elee-

153 3041 419 3102 mosyms
470 3019 728 3080 obtinuit
768 3017 1080 3080 Cornelius
1133 3019 1459 3100 pleniorem
1502 3018 1721 3080 Christi
1760 3015 2061 3092 notitiam,
2112 3019 2213 3080 sed
2296 3017 2419 3082 nod

153 3099 354 3158 Deum
397 3093 781 3177 eleemosynis
820 3095 934 3156 suis
975 3115 1042 3156 ae
1125 3095 1354 3157 recibus
1393 3091 1685 3156 faventem
1728 3106 1786 3156 et
1826 3091 2143 3180 propitium
2184 3041 2295 3156 bag

150 3174 218 3235 id
259 3175 374 3234 iam
412 3192 482 3232 ex
519 3171 634 3232 fide
676 3171 985 3252 pendebat.
1127 3194 1267 3233 orro
1320 3173 1368 3233 si
1417 3173 1533 3232 fide
1582 3173 1958 3232 aestimantur
1997 3193 2179 3252 opera
2217 3172 2415 3250 indul-

148 3251 394 3334 gentiae
434 3261 540 3323 est,
578 3266 704 3308 non
743 3248 956 3321 meriti,
995 3249 1155 3329 quod
1196 3249 1331 3309 Deo
1371 3249 1715 3330 probantur.
1801 3248 1951 3308 Nam
1992 3246 2125 3328 quia
2170 3249 2310 3308 nihil
2352 3251 2415 3311 in

151 3325 334 3387 nobis
375 3325 432 3386 di
519 3346 617 3384 um
657 3325 879 3386 invenit
917 3325 1077 3401 fides,
1117 3347 1223 3386 cur
1259 3325 1392 3386 Deo
1436 3326 1794 3406 placeamus,
1835 3347 1867 3385 a
1910 3321 2146 3385 Christo
2186 3338 2414 3386 mutua·-

147 3416 255 3464 tur
293 3344 670 3483 quofnnobis
709 3401 892 3462 deest.
965 3401 1071 3462 Est
1111 3415 1302 3462 autem
1343 3400 1457 3462 boc
1495 3399 1813 3481 plusquam
1898 3420 2209 3476 erversum,
2251 3404 2412 3484 quod

199 3501 338 3538 uum
403 3497 626 3539 nomen
675 3477 872 3538 Meriti
933 3475 1184 3539 subinde
1241 3479 1302 3538 in
1368 3497 1474 3538 ore
1534 3476 1787 3538 babeant
1876 3499 1903 3536 a
1950 3476 2089 3537 istae
2141 3491 2200 3538 et
2251 3474 2413 3540 inani

147 3501 372 3616 fiducia
407 3554 618 3616 stultos
657 3554 865 3615 inflare
903 3575 1028 3614 non
1069 3553 1368 3629 desinant,
1416 3552 1562 3613 nihil
1600 3567 1797 3614 tamen
1835 3575 1866 3614 a
1922 3566 2123 3630 erunt,
2164 3577 2282 3648 quo
2322 3557 2415 3616 in-

2304 3093 2415 3174 uit,

149 3632 418 3694 citentur
480 3631 784 3692 bominum
843 3632 1035 3692 studia
1097 3632 1166 3692 ad
1227 3641 1388 3691 recte
1435 3629 1745 3713 agendum.
1833 3630 2083 3710 Semper
2131 3647 2287 3692 emm
2350 3633 2413 3692 in

145 3728 441 3790 suspenso
481 3705 822 3844 relinwunt
860 3707 1270 3769 conscientiast
1309 3704 1579 3787 placeant
1615 3726 1806 3767 necne
1838 3705 1971 3768 Deo
2014 3728 2197 3788 opera
2237 3703 2413 3768 dubi-

145 3797 284 3848 tare
323 3784 554 3845 iubent.
713 3785 772 3845 bi
809 3783 938 3846 talis
979 3785 1204 3845 animos
1244 3779 1561 3863 trepidatio
1604 3795 1885 3862 occupat,
1945 3803 2147 3844 annon
2187 3782 2412 3842 desides

147 3872 216 3924 et
253 3861 497 3944 ignavos
537 3861 881 3924 flaccescere
922 3879 1158 3922 necesse
1200 3858 1326 3920 est?
1402 3861 1526 3919 Nos
1546 3879 1709 3935 vero,
1750 3859 1858 3920 etsi
1896 3860 2165 3919 meritum
2209 3855 2410 3938 operi-

145 3937 266 3999 bns
307 3937 696 4014 detrahimus,
757 3949 952 3998 tamen
1003 3938 1280 3998 docemus
1332 3937 1647 4016 repositam
1706 3955 1830 3997 esse
1892 3935 2006 3995 illis
2057 3933 2411 4006 mercedem,

145 4014 388 4096 optimo
452 4025 513 4076 et
561 4015 850 4075 acerrimo
896 4013 1134 4078 stimulo
1185 4011 1493 4073 incitamus
1538 4012 1609 4074 ad
1664 4023 1825 4072 recte
1872 4005 2104 4074 vivendi
2154 4010 2409 4070 studium

145 4090 444 4152 homines.
545 4089 719 4154 Tunc
771 4089 929 4152 enim
981 4091 1214 4150 demum
1266 4088 1537 4149 alacriter
1580 4086 1654 4149 ad
1702 4087 2069 4150 serviendum
2109 4082 2253 4146 Deo.
2299 4105 2409 4145 nos

145 4167 316 4228 accin
367 4167 545 4243 'mus,
607 4189 785 4250 quum
834 4165 1093 4249 persuasi
1153 4187 1348 4226 sumus
1406 4185 1647 4246 operam
1710 4187 1818 4227 nos
1880 4162 2119 4223 minime
2182 4156 2407 4221 ludere.

149 4241 299 4380 (Ξῇιο
408 4255 604 4326 autem
666 4264 788 4306 non
849 4243 1094 4304 uberior
1153 4241 1329 4304 hodie
1392 4238 1753 4323 conspicitur
1811 4240 2105 4300 donorum
2153 4237 2409 4330 Spiritus

149 4339 184 4380 a
255 4321 494 4398 nentia,
553 4319 694 4401 quin
754 4323 952 4401 potius
1001 4315 1192 4380 maior
1239 4339 1371 4400 pars
1424 4311 1664 4389 arescit,
1722 4328 1957 4378 nostrae
2004 4312 2407 4394 ingratitudini

149 4407 463 4478 acceptum
501 4393 661 4458 ferre
701 4395 981 4459 convenit
1069 4393 1222 4458 Nam
1258 4390 1433 4456 sicuti
1458 4391 1727 4454 Cornelii
1765 4409 1971 4470 preces
2008 4390 2411 4472 eleemosynas

207 4489 397 4542 cavi-t
419 4503 667 4546 amns.
692 4494 742 4539 h
759 4493 1052 4552 Δαιιρωι.
1730 4471 1807 4529 13
