2788 4713
928 193 937 204 ⁶
1030 235 1304 302 carm·
1342 237 1586 300 xxvn.
1969 221 1974 226 ’
2299 241 2412 306 473

156 382 428 461 delatos,
463 381 557 444 vel
636 383 731 443 uia
766 381 925 442 navis
962 379 1101 442 alibi
1140 403 1261 443 non
1301 381 1734 464 reperiebatur,
1767 382 1862 445 vel
1899 384 2032 464 quia
2073 404 2140 444 ex
2179 383 2276 444 illa
2316 405 2411 446 re-

154 461 361 542 gione
397 479 600 521 sumen
645 459 664 518 i
704 471 869 518 erant
905 458 1085 520 vincti
1121 459 1225 532 illi,
1262 479 1508 540 quorum
1547 460 1698 522 facta
1736 473 1823 522 cst
1861 460 2103 522 mentio.

332 541 391 600 2.
466 536 867 596 Pomoermo
905 533 1212 595 nobiscum.
1290 536 1391 596 Sic
1439 537 1670 598 videtur
1715 534 1899 596 Lucas
1947 537 2113 598 unius
2159 538 2411 600 hominis

162 611 422 673 laudare
452 613 853 687 constantiam,
890 623 956 671 ut
992 611 1135 672 alios
1175 613 1555 694 perstringat:
1597 635 1727 673 nam
1767 612 1961 693 plures
2001 615 2238 676 comites
2278 637 2412 676 eum

166 686 653 770 Hierosolymam
690 688 919 769 sequuti
958 700 1155 764 erant,
1202 709 1269 748 ex
1319 689 1529 768 quihus
1578 710 1738 749 nunc
1789 687 2197 749 duosmntum
2235 692 2412 754 fuisse

166 763 445 826 residuos
462 763 741 826 videmus.
818 763 939 825 Sed
978 765 1112 844 quia
1148 765 1277 825 fieri
1310 777 1528 846 potest,
1563 777 1631 826 ut
1667 766 1808 826 alios
1847 765 2415 846 impedierintiustae

176 859 421 916 causae,
477 839 571 902 vel
630 840 807 901 etiam
865 860 1072 902 eorum
1132 840 1414 902 officium·
1441 841 1793 904 recusaverit
1836 840 2084 917 Paulus,
2145 842 2292 903 nihil
2347 844 2413 904 in

170 916 455 979 utramvis
514 928 739 998 partem
790 915 1043 978 affirmo:
1107 935 1218 977 nec
1262 937 1407 979 vero
1455 917 1768 978 absurdum
1818 929 1936 992 est,
1993 929 2062 978 ut
2113 919 2415 998 peculiaris

172 991 365 1054 suerit
396 991 573 1068 ratio,
610 1013 715 1054 cur
750 992 906 1054 hunc
944 1001 1084 1074 pra‘e
1120 992 1244 1052 aliis
1280 993 1543 1054 laudaret
1576 993 1783 1067 Lucas,
1819 1015 2000 1075 quum
2033 1005 2231 1056 tamen
2267 1015 2416 1058 unus

174 1080 339 1132 esset
386 1089 455 1132 ex
501 1068 782 1150 pluribus.
881 1068 1064 1131 Certe
1108 1068 1410 1132 hominem
1457 1068 1633 1132 fuisse
1671 1071 1907 1132 divitem
1957 1070 2267 1154 probabile
2305 1084 2416 1148 est,
2458 1071 2482 1116 '-

176 1145 289 1225 qui
324 1146 566 1208 triennii
603 1156 865 1226 sumptus
906 1145 1061 1206 ferre
1098 1147 1361 1228 potuerit
1399 1145 1600 1208 relicta
1638 1147 1816 1210 domo
1855 1169 1976 1208 sua.
2051 1147 2220 1208 Prius
2260 1148 2418 1208 enim

174 1220 524 1301 babuimus,
576 1222 789 1282 multos
829 1241 897 1282 ex
942 1222 1222 1302 primariis
1269 1221 1498 1284 familiis
1535 1224 2082 1286 Thessalonicenses
2123 1223 2420 1294 Christum

175 1299 479 1380 amplexos
516 1319 641 1359 esse
681 1306 835 1378 (cap.
852 1305 968 1386 217,
1006 1300 1161 1376 11.),
1206 1297 1606 1362 Aristarchum
1641 1313 1802 1361 vero·
1836 1311 1896 1360 et
1933 1300 2268 1362 Secundum
2304 1301 2420 1362 ho-

176 1376 349 1436 noris
405 1395 573 1438 causa
618 1374 807 1436 Lucas
860 1379 1157 1440 recensuit
1212 1375 1438 1437 venisse
1495 1398 1626 1438 cum
1676 1376 1861 1439 Paulo
1907 1377 1968 1436 iu
2011 1377 2210 1455 Asiam
2265 1379 2356 1454 (ca
2401 1421 2418 1437 .

175 1457 285 1526 20,
320 1449 426 1527 4.).
501 1449 638 1511 Hoc
676 1469 822 1532 ergo
860 1450 1021 1530 quod
1060 1454 1412 1512 certum'est
1447 1473 1516 1514 ac
1552 1453 1695 1512 utile
1733 1452 1975 1536 cognitu
2011 1465 2218 1514 tenere
2251 1399 2421 1514 'sufff-

180 1529 321 1599 ciat,
359 1525 679 1620 exemplum
719 1539 951 1587 sanctae
987 1527 1297 1607 patientiae
1335 1528 1510 1589 nobis
1548 1530 1825 1609 proponi,
1865 1527 2024 1610 quod
2050 1528 2420 1590 Aristarchus

176 1603 351 1664 nullo
390 1601 583 1664 taedio
608 1601 700 1661 vel
736 1602 1003 1664 molestia
1040 1603 1337 1686 fatigatur,
1419 1606 1519 1664 uin
1557 1615 1769 1683 sponte
1807 1604 2051 1666 eandem
2085 1627 2212 1666 cum
2234 1606 2418 1668 Paulo

181 1679 483 1740 fortunam
540 1677 779 1752 subeat,
840 1691 901 1740 et
954 1693 1265 1773 postquam
1337 1625 1538 1740 affixus
1597 1680 1790 1741 suerat
1845 1681 1967 1745 eius
2035 1683 2255 1744 carceri
2311 1702 2424 1762 per

180 1755 511 1828 biennium,
548 1775 705 1815 nunc
744 1775 903 1814 mare
938 1741 1207 1830 traiiciat,
1244 1767 1311 1816 ut
1345 1757 1401 1816 ci
1435 1775 1672 1838 quoque
1693 1755 1914 1817 Romae
1951 1755 2259 1832 ministret,
2293 1779 2422 1818 non

183 1831 407 1912 absque
452 1828 685 1893 sinistra
733 1833 1049 1892 multorum
1100 1831 1585 1913 exprobratione,
1646 1843 1883 1913 praeter
1927 1833 2016 1894 rei
2067 1833 2423 1916 domesticae

182 1907 469 1970 iacturam
527 1918 624 1968 tot
658 1919 919 1988 sumptus
942 1908 1331 1970 incommoda.
1630 1956 1638 1964 .
2121 1927 2127 1932 ·

335 1990 393 2052 3.
520 1985 733 2044 ornei-rit
764 1996 831 2041 ω
862 1981 949 2044 ad
977 1989 1191 2046 unicos
1224 1997 1327 2045 etc.
1401 1984 1474 2045 In
1511 1984 1660 2046 urbe
1697 1983 1884 2065 ampla
1923 1996 1985 2048 et
2019 1983 2302 2048 maritima
2337 1986 2424 2047 la-

182 2059 383 2122 tebras
422 2059 632 2120 Paulus
673 2061 926 2122 nancisci
964 2071 1229 2141 poterat,
1275 2059 1379 2120 sed
1416 2061 1640 2122 vinctus
1681 2060 1920 2123 oraculo
1958 2062 2297 2139 tenebatur,
2345 2082 2426 2132 ne

182 2156 248 2199 se
295 2136 411 2197 Dei
458 2135 756 2196 vocationi
801 2135 1187 2198 subtraheret.
1270 2135 1505 2197 Deinde
1562 2137 1698 2218 quia
1744 2149 1859 2199 tam
1910 2137 2239 2201 humaniter
2287 2161 2421 2200 cum

186 2233 263 2274 eo
313 2224 513 2296 egerat
563 2211 886 2287 Centurio,
940 2225 1008 2273 ut
1068 2212 1267 2274 amicis
1314 2213 1634 2273 curandum
1694 2215 2080 2294 permitteret,
2137 2236 2310 2294 quem
2359 2217 2424 2274 in

185 2289 347 2350 navis
382 2288 639 2382 paedore
679 2288 823 2348 relin
872 2308 1011 2348 uere
1050 2300 1306 2371 poterat,
1346 2309 1468 2348 non
1496 2288 1700 2349 debuit
1723 2308 1834 2348 nec
1870 2293 2068 2370 potuit
2103 2291 2232 2350 sine
2263 2291 2424 2372 turpi

234 2366 433 2427 erfidia
470 2366 622 2426 illius
660 2366 858 2445 pericu
886 2386 921 2426 o
960 2368 1113 2427 vitae
1152 2386 1288 2426 suae
1328 2364 1664 2426 consulere:
1718 2384 1830 2425 nec
1866 2386 2008 2426 vero
2051 2369 2426 2427 committen-

186 2388 327 2503 Eum
364 2452 434 2503 ut
470 2442 761 2521 cuiquam,
802 2463 833 2501 a
876 2463 994 2523 quo
1023 2433 1280 2521 benign'e
1315 2439 1502 2499 babiti
1539 2440 1734 2515 simus,
1775 2454 1972 2502 nostra
2014 2442 2182 2523 culpa
2222 2443 2424 2503 huma-'-

186 2519 341 2579 nitas
377 2540 477 2579 sua
513 2518 589 2577 sit
626 2517 833 2577 fraudi.
916 2519 1195 2579 Tractum
1250 2517 1630 2599 navigationis
1684 2539 1852 2596 quam
1905 2517 2090 2577 refert
2124 2520 2308 2579 Lucas
2357 2541 2425 2579 ex

192 2593 431 2677 Geogra
476 2593 563 2653 his
598 2606 812 2687 petant
858 2592 1137 2657 lectores:
1197 2594 1313 2655 hoc
1374 2593 1564 2653 solum
1613 2592 1936 2669 admoneo,
2003 2594 2117 2655 buc
2163 2609 2426 2689 wectare

190 2670 425 2765 quicqui
506 2671 743 2748 dicitur,
792 2682 859 2731 ut
904 2672 1145 2731 sciamus
1184 2668 1480 2731 difficilem
1521 2680 1580 2728 et
1618 2681 2068 2755 tempestuosam
2107 2670 2281 2731 fuisse
2321 2694 2424 2733 na-

184 2748 567 2829 vigationem,
606 2768 673 2807 ex
711 2767 829 2827 quo
868 2747 1168 2808 solverunt
1208 2767 1274 2806 ex
1312 2757 1490 2827 portu
1529 2746 1806 2819 Sidonio,
1847 2747 2038 2808 donec
2079 2766 2263 2829 prope
2295 2749 2427 2809 Me-

190 2822 347 2885 litam
386 2835 621 2885 ventum
668 2835 773 2883 est.
870 2822 1105 2883 Deinde
1152 2824 1337 2916 longo
1386 2835 1658 2902 tempore
1704 2821 1952 2885 luctatos
2001 2824 2180 2884 fuisse·
2223 2838 2426 2887 nautas

193 2921 325 2961 cum
362 2900 613 2963 adversis
648 2900 873 2973 ventis,
916 2900 1107 2961 donec
1146 2920 1377 2960 saevior
1414 2899 1676 2979 procella
1713 2899 1980 2977 invaluit,
2043 2900 2203 2963 cuius
2241 2903 2428 2964 exitus

190 2977 426 3039 tandem
459 2977 571 3039 fuit
606 2976 971 3061 naufragium
1012 2976 1173 3059 quod
1212 2976 1552 3039 videbimus.

352 3257 413 3321 9.
494 3252 709 3321 Multo
776 3262 985 3319 autem
1039 3263 1329 3339 tempore
1383 3263 1679 3340 peracto,
1734 3262 1799 3318 et
1841 3274 2036 3338 quum
2091 3254 2216 3319 iam
2261 3265 2430 3321 esset

192 3352 556 3444 periculosa
594 3354 941 3437 navigatio,
996 3352 1171 3438 quod
1215 3354 1339 3417 iam
1381 3354 1606 3417 ieiunii
1651 3372 1913 3438 quoque
1955 3364 2204 3439 tempus
2245 3376 2432 3441 prae-

192 3458 479 3535 teriisset,
522 3450 907 3519 admonebat
951 3474 1065 3517 cos
1104 3452 1377 3531 Paulus,
1449 3452 1549 3517 10.
1589 3454 1833 3517 Dicens
1879 3455 1988 3531 eis,
2028 3455 2192 3533 Viri,
2229 3456 2427 3521 video

193 3555 367 3645 quod
408 3576 551 3621 cum
591 3556 825 3620 iniuria
874 3552 1209 3639 multoque
1252 3552 1488 3617 damno
1526 3573 1660 3639 non
1704 3550 1912 3617 solum
1954 3542 2171 3621 oneris
2215 3566 2277 3621 et
2317 3580 2433 3622 na-

190 3659 313 3733 vis,
388 3654 507 3721 sed
578 3656 769 3719 etiam
836 3657 1184 3719 anim-arum
1245 3662 1605 3719 nostrarum
1671 3651 1884 3717 futura
1946 3657 2028 3718 sit
2087 3658 2428 3739 navigatio.

193 3757 288 3824 11.
330 3752 646 3823 Centurio
688 3764 897 3821 autem
942 3752 1362 3841 gubernatori
1409 3763 1472 3818 et
1513 3752 1824 3818 nauclero
1863 3756 2060 3837 magis
2102 3753 2430 3834 credebat,

194 3879 379 3945 quam
432 3858 511 3922 iis
566 3878 731 3943 quae
791 3878 826 3921 a
881 3853 1087 3921 Paulo
1146 3852 1543 3918 dicebantur.
1653 3854 1752 3917 12.
1818 3853 1902 3919 Et
1955 3874 2147 3938 quum
2205 3867 2431 3941 portus

192 3960 444 4045 ineptus
468 3968 637 4023 esset
678 3956 763 4022 ad
802 3954 1290 4031 hibernandum,
1336 3952 1698 4039 complures
1742 3962 2052 4039 ceperunt
2095 3954 2430 4022 consilium

193 4058 370 4125 illinc
410 4052 734 4133 solvendi,
788 4060 843 4119 si
887 4076 1019 4141 quo
1070 4053 1267 4119 modo
1326 4064 1590 4143 possent
1638 4055 1980 4142 pervenire
2025 4053 2432 4139 Phoenicem,

196 4170 259 4227 et
294 4158 429 4225 illic
468 4154 830 4221 hibernare.
912 4154 975 4221 Is
1017 4164 1115 4221 est
1154 4164 1377 4239 portus
1422 4154 1660 4222 Cretae
1701 4160 1996 4239 spectans
2039 4151 2122 4220 ad
2148 4155 2432 4224 Africum

198 4270 259 4327 et
296 4259 383 4329 ad
425 4256 737 4329 Chomm.
822 4254 920 4324 13.
962 4252 1303 4345 Aspirante
1346 4265 1556 4323 autem
1591 4254 1864 4330 Austro,
1915 4252 2039 4319 rati
2080 4274 2151 4323 se
2196 4279 2434 4346 propo-
