2788 4713
289 287 412 353 118·
1109 281 1198 342 IN
1235 280 1467 346 ACTA
1503 279 1797 345 APOST.

328 423 680 488 nominatlm
717 421 818 486 me
853 423 1250 501 mandaverat,
1287 426 1451 506 quod
1480 425 1561 488 'ab
1602 423 1731 486 aliis
1770 445 1895 485 non
1926 423 2175 508 leglmus
2202 443 2326 486 esse
2350 425 2590 486 fuctum.

329 504 410 565 Et
447 513 610 564 certe
648 501 1047 584 Hieronymus
1084 503 1148 564 in
1185 503 1671 598 peregrinatione
1709 499 1951 577 Paulae,
1988 523 2167 597 quum
2206 522 2315 584 per
2354 502 2591 564 Sichem

330 581 449 642 iter
487 577 696 641 fecisse
734 589 954 652 narrat.
995 580 1139 642 dicit
1177 601 1302 642 eam
1342 579 1467 642 illic
1516 579 1731 640 vidisse
1772 578 2081 639 duodecim
2122 579 2592 640 Patriarcharum

328 654 616 738 sepulcra,
653 655 757 716 sed
797 655 941 716 alibi
979 657 1218 720 nonnisi
1253 656 1507 738 sepulcri
1546 655 1763 736 Ioseph
1804 656 2090 715 meminit.
2167 656 2249 716 Et
2303 655 2429 715 fieri
2477 677 2593 736 po-

329 743 452 794 test
497 745 564 792 ut
609 731 736 794 aliis
777 743 974 794 erecta
1009 735 1128 796 sint
1163 731 1485 806 κενοτάφια.
1575 733 1708 814 Ego
1760 732 1921 812 quod
1970 753 2083 813 pro
2134 743 2301 793 certo
2347 753 2594 792 asseram

329 829 457 870 non
495 807 689 872 babeo
729 809 844 870 nisi
924 811 1044 872 uod
1082 809 1176 872 vel
1206 808 1634 888 synecdochica
1674 820 1762 870 est
1803 809 2095 890 loquutio,
2135 807 2230 867 vel
2270 809 2429 890 quod
2470 809 2596 868 Lu-

330 906 428 948 cas
467 908 592 947 non
631 898 752 948 tam
791 905 859 946 ex
881 830 1066 949 ‘hose
1105 906 1275 967 quam
1318 905 1386 946 ex
1424 885 1803 946 veteri·fama
1842 886 1957 946 hoc
1998 885 2230 958 retulit,
2284 897 2349 946 ut
2386 885 2595 946 Iudaei

332 959 517 1024 multa
555 961 855 1024 habebant
878 961 1033 1026 olim
1073 986 1104 1025 a
1153 961 1419 1057 patribus
1472 962 1635 1043 quasi
1689 983 1797 1043 per
1850 983 2050 1022 manus
2100 963 2327 1022 tradita.
2409 963 2596 1038 Quod

331 1051 529 1100 autem
566 1039 808 1100 subiicit
843 1054 1051 1121 postea
1087 1040 1261 1100 fuisse
1297 1041 1364 1098 in
1394 1039 1659 1120 sepulcro
1681 1039 1927 1119 positos,
1968 1039 2127 1120 quod
2154 1051 2377 1100 emerat
2398 1038 2597 1099 Abra-

329 1113 464 1176 ham
505 1137 538 1176 a
577 1115 712 1177 filiis
747 1116 998 1192 Hemor,
1036 1117 1096 1176 in
1149 1115 1394 1178 nomine
1447 1116 1720 1177 Abrahae
1770 1128 2024 1176 erratum
2075 1135 2201 1178 esse
2247 1116 2436 1196 palam
2487 1127 2596 1176 est„

329 1189 688 1272 Speluncam
749 1192 908 1256 enim
967 1190 1260 1273 duplicem
1319 1191 1694 1274 sepeliendae
1756 1193 1925 1252 uxori
1985 1192 2129 1254 emit
2172 1191 2469 1254 Abraham
2518 1189 2595 1257 ab

327 1268 579 1351 Ephron
623 1267 888 1332 Chetaeo
930 1269 1112 1348 (Gen.
1151 1275 1250 1342 23,
1287 1275 1344 1336 9.
1389 1313 1409 1346 ,
1455 1269 1556 1332 sed
1597 1268 1735 1330 alibi
1784 1268 2046 1351 sepultus
2097 1281 2188 1332 est
2232 1267 2483 1350 Ioseph,
2528 1268 2596 1328 in

326 1365 476 1484 aggo
512 1343 741 1497 {nicet
760 1366 952 1483 1:melin
993 1357 1163 1428 pater
1199 1347 1340 1439 laco
1383 1369 1454 1484 da
1494 1345 1635 1484 finiti
1668 1347 1899 1434 Hemor
1936 1357 2176 1408 centum
2222 1345 2390 1430 agnis
2430 1365 2595 1407 eme-

325 1443 392 1482 ra
579 1443 618 1482 u
653 1442 720 1484 re
799 1444 857 1486 ιο
919 1444 1060 1486 ocus
1099 1442 1377 1506 corrigen
1424 1445 1489 1486 us
1530 1443 1589 1486 es

495 1623 596 1696 17.
677 1627 774 1694 Ut
816 1637 1028 1694 autem
1057 1631 1604 1720 appropinquavit
1628 1639 1881 1715 tempus
1901 1629 2362 1716 promissioniS,
2403 1652 2596 1718 quam

323 1727 650 1793 iuraverat
687 1726 874 1796 Deus
913 1727 1248 1810 Abrahae,
1300 1734 1505 1797 crevit
1556 1728 1844 1816 populus
1885 1739 1951 1794 et
1982 1727 2443 1816 multiplicatus
2500 1741 2600 1796 est

325 1825 395 1894 in
435 1827 762 1916 Aegypto.
846 1829 948 1896 18.
988 1829 1228 1896 Donec
1267 1831 1541 1896 surrexit
1581 1831 1723 1896 Rex
1766 1828 1947 1908 alins,
1990 1833 2103 1918 qui
2144 1850 2281 1896 non
2320 1842 2600 1897 noverat

322 1925 578 2014 Ioseph.
663 1927 764 1999 19.
803 1931 932 1996 Hic
971 1927 1210 1996 callide
1249 1929 1572 1997 deludens
1615 1952 1819 2017 genus
1859 1939 2184 2009 nostrum,
2242 1929 2409 1996 male
2469 1941 2601 1996 tra-

323 2032 520 2098 ctavit
572 2040 790 2118 patres
839 2040 1134 2110 nostros,
1189 2042 1262 2098 ut
1317 2041 1719 2120 exponerent
1756 2028 2036 2098 infantes
2080 2052 2265 2109 suos,
2314 2051 2401 2098 ne
2442 2053 2601 2118 pro-

317 2143 752 2220 pagarentur.

474 2267 570 2330 17.
643 2262 892 2327 Transit
931 2260 1265 2343 Stephanus
1303 2261 1376 2322 ad
1418 2261 1894 2342 redemptionem
1933 2259 2179 2342 populi,
2222 2262 2386 2324 cuius
2426 2282 2597 2343 prae-

321 2338 550 2401 ludium
587 2339 701 2403 fuit
737 2362 1050 2403 numerosa
1089 2337 1189 2403 illa
1225 2338 1485 2413 soboles,
1527 2359 1675 2419 quae
1714 2337 1867 2401 ultra
1910 2337 2181 2400 usitatum
2201 2339 2442 2401 modum
2469 2362 2597 2401 non

321 2414 512 2501 longo
552 2418 841 2499 temporis
879 2417 1072 2501 spatio
1113 2429 1394 2480 creverat.
1460 2416 1622 2498 Ergo
1662 2428 1942 2495 tanquam
1982 2415 2281 2497 singulare
2320 2418 2438 2477 Dei
2480 2416 2595 2478 do-

321 2515 467 2557 num
515 2494 634 2556 boc
671 2494 848 2577 ponit
885 2494 1046 2577 quod
1085 2506 1289 2555 auctus
1326 2493 1513 2554 suerit
1552 2492 1829 2574 populus,
1863 2506 1937 2553 ut
1974 2494 2221 2555 sciamus
2260 2494 2321 2553 id
2361 2514 2481 2555 non
2525 2511 2597 2565 ex

322 2572 626 2632 communi
660 2574 829 2633 mo're
880 2571 975 2632 vel
1027 2582 1316 2633 consueto
1368 2581 1608 2631 naturae
1660 2570 1874 2631 ordine
1924 2568 2099 2631 fuisse
2154 2569 2390 2631 sactum.
2468 2571 2599 2629 Ve-

321 2668 458 2709 rum
509 2669 577 2711 ex
624 2649 808 2709 altera
845 2660 1012 2738 parte
1051 2648 1285 2709 videtur
1321 2647 1490 2707 Deus·
1526 2645 1755 2707 ludaeis
1792 2666 1959 2741 spem
2000 2644 2265 2721 auferre,
2320 2648 2454 2727 quia
2494 2658 2596 2737 ty-

321 2725 569 2786 rannice
611 2745 712 2787 eos
752 2724 874 2785 arth
917 2724 967 2784 it
1003 2723 1234 2786 Pharao
1289 2735 1351 2784 et
1399 2725 1649 2785 servitus
1700 2744 1885 2805 magis
1931 2723 1995 2782 in
2046 2722 2169 2783 dies
2220 2723 2597 2805 ingravescit.

325 2798 530 2874 Quum
567 2813 762 2863 autem
803 2802 862 2861 iu
909 2812 1083 2861 entur
1119 2798 1410 2861 masculos
1450 2801 1708 2861 infantes
1758 2819 2086 2881 exponere,
2138 2800 2373 2861 videtur
2423 2819 2596 2879 prae-

321 2894 456 2937 sens
517 2875 718 2938 adesse
778 2878 1048 2937 interitus
1101 2878 1286 2941 totius
1337 2880 1551 2959 gentis.
1628 2876 1901 2937 Alterum
1950 2876 2122 2935 datur
2170 2876 2597 2958 redemptionis

319 2951 578 3033 signum,
619 2974 798 3033 quum
841 2953 1091 3034 emergit
1129 2954 1360 3029 Moses,
1414 2954 1517 3013 sed
1560 2952 1697 3033 quia
1736 2974 1875 3013 mox
1922 2954 2221 3033 respuitur
2276 2964 2338 3013 et
2385 2953 2596 3037 sugere

321 3028 560 3109 cogitur
595 3028 661 3088 in
702 3027 986 3103 exsilium,
1028 3028 1177 3087 nihil
1215 3040 1399 3089 restat
1434 3030 1549 3089 nisi
1588 3048 1749 3089 mera
1790 3028 2139 3109 desperatio.
2204 3028 2440 3092 Summa
2484 3041 2598 3105 est,

317 3102 518 3163 D‘eum
556 3103 963 3184 promissionis
999 3124 1138 3164 suae
1201 3124 1527 3165 memorem
1575 3105 1863 3187 populum
1912 3106 1976 3166 in·
2026 3117 2301 3188 tempore
2348 3106 2593 3183 auxisse,

319 3192 388 3241 ut
426 3192 752 3261 praestaret
789 3179 951 3260 quod
989 3178 1262 3241 Abrahae
1299 3181 1613 3256 iuraverat,
1650 3184 1753 3242 sed
1790 3182 2043 3243 Iudaeos
2080 3196 2149 3242 ut
2181 3184 2398 3265 ingrati
2425 3194 2597 3243 erant

319 3277 390 3319 ac
438 3256 698 3337 perversi
747 3256 1081 3337 repudiasse
1127 3257 1246 3317 Dei
1299 3258 1577 3339 gratiam,
1622 3256 1703 3320 ita
1756 3270 1825 3321 ut
1872 3279 2005 3339 per,
2033 3278 2134 3320 eos
2174 3281 2295 3321 non
2336 3260 2597 3333 steterit,

321 3333 469 3413 quin
506 3332 620 3395 sibi
659 3333 1387 3415 aditumpraecluderent.
1466 3335 1661 3396 Porro
1714 3334 1809 3397 hie
1860 3336 2121 3396 notanda
2160 3348 2251 3400 est
2288 3336 2405 3397 Dei
2449 3356 2596 3416 pro-

317 3410 599 3487 videntia,
637 3412 778 3471 dum
797 3423 1132 3493 temporum
1175 3433 1409 3473 cursum
1448 3432 1515 3472 ac
1554 3411 1711 3473 vices
1752 3412 1830 3473 ita
1878 3424 2199 3493 temperat,
2246 3424 2313 3475 ut
2362 3432 2599 3492 semper

322 3484 446 3547 eius
487 3488 768 3568 operibus
809 3500 1047 3549 constet
1082 3510 1184 3549 sua
1225 3488 1659 3581 opportunitas.
1726 3490 2013 3550 Homines
2052 3502 2249 3551 autem
2290 3490 2393 3569 qui
2418 3498 2596 3571 prae·-

317 3575 560 3644 postere
598 3564 665 3626 in„
698 3565 818 3627 suis
860 3564 1166 3630 desideriis
1188 3565 1489 3641 festinant,
1528 3565 1666 3636 ideo
1694 3566 1991 3647 patienter
2026 3586 2264 3649 sperare
2285 3578 2597 3646 nequeunt

322 3650 386 3700 et
481 3640 745 3703 uieseere
795 3640 987 3703 donec
1037 3660 1487 3716 manum‚suam
1524 3642 1688 3703 Deus
1742 3642 2045 3717 ostendat,
2113 3643 2251 3723 quia
2304 3642 2377 3703 ad
2426 3640 2597 3717 illud,

363 3738 442 3779 uo
543 3716 690 3792 dixi,
745 3729 1279 3799 temperamentum
1342 3740 1465 3781 non
1526 3718 1855 3779 attendunt.
1950 3719 2264 3781 Caeterum
2316 3730 2381 3779 ut
2429 3718 2597 3779 Deus

363 3794 498 3857 dem
533 3814 775 3857 suorum
816 3807 1112 3872 exerceat,
1153 3796 1386 3881 quoties
1428 3818 1561 3857 cum
1598 3794 1765 3857 laetis
1818 3796 2042 3877 gratiae
2090 3796 2274 3879 signis
2323 3796 2600 3878 affulget,

318 3869 433 3932 alia
495 3871 750 3953 opponit
807 3890 875 3931 ex
933 3870 1216 3949 adverso,
1277 3892 1429 3952 quae
1490 3893 1655 3953 spem
1714 3869 1919 3933 salutis
1974 3872 2178 3937 subito
2232 3872 2599 3955 praecidant..

323 3948 479 4023 Quis
529 3948 688 4009 enim
733 3969 857 4025 non
909 3948 1145 4009 dixisset
1195 3949 1269 4009 de
1319 3949 1609 4011 Hebraeis
1660 3970 1898 4029 prorsus
1950 3963 2143 4010 aetum
2196 3970 2353 4023 esse,
2410 3970 2597 4029 quum

319 4024 479 4107 regis
527 4025 785 4085 edictum
831 4036 1022 4085 totam
1059 4024 1374 4087 masculam
1416 4026 1683 4087 sobolem
1722 4026 1904 4085 morti
1944 4026 2205 4087 addicit?
2283 4026 2427 4103 Quo
2466 4047 2597 4085 mn-

318 4100 410 4181 gis
449 4101 777 4163 necessaria
815 4100 988 4163 nobis
1041 4113 1131 4161 est
1178 4101 1488 4163 doctrinae
1536 4102 1690 4163 illius
1742 4102 2083 4179 meditatio,
2121 4102 2285 4165 Deus
2337 4102 2596 4164 mortifi-

317 4188 414 4237 eat
449 4191 512 4238 et
547 4178 821 4255 vivificat,
862 4177 1102 4241 deducit
1139 4178 1214 4239 ad
1252 4178 1479 4241 inferos
1521 4191 1582 4238 et
1618 4178 1867 4240 reducit.

468 4262 562 4319 19.
647 4252 870 4317 callente
903 4252 1192 4315 deludens.
1269 4254 1410 4316 Non
1448 4253 1599 4317 male
1644 4267 1811 4317 vetus
1848 4256 2139 4335 interpres
2165 4254 2425 4317 reddidit
2452 4254 2595 4317 Cir-

315 4330 668 4393 cumveuire.
765 4330 1075 4417 Significat
1132 4330 1292 4393 enim
1351 4330 1689 4414 Stephanus
1750 4352 1929 4397 novas
1988 4342 2143 4393 artes
2196 4343 2258 4393 et
2304 4332 2592 4423 obliquos

183 4474 188 4479 ,
313 4412 646 4483 praetextu,
697 4409 905 4473 dolose
952 4408 1318 4493 excogitatos
1366 4406 1549 4473 fuisse
1594 4430 1628 4473 a
1680 4426 1825 4493 rege
1872 4406 2152 4491 Aegypti,
2200 4418 2267 4469 ut
2312 4426 2592 4491 graviora
