<?xml version="1.0" encoding="UTF-8"?>
<!DOCTYPE html PUBLIC "-//W3C//DTD XHTML 1.0 Transitional//EN"
    "http://www.w3.org/TR/xhtml1/DTD/xhtml1-transitional.dtd">
<html xmlns="http://www.w3.org/1999/xhtml" xml:lang="en" lang="en">
 <head>
  <title>
</title>
<meta http-equiv="Content-Type" content="text/html;charset=utf-8" />
  <meta name='ocr-system' content='tesseract 3.04.00' />
  <meta name='ocr-capabilities' content='ocr_page ocr_carea ocr_par ocr_line ocrx_word'/>
</head>
<body>
  <div class='ocr_page' id='page_1' title='image "./ioanniscalvinii05tholgoog/ioanniscalvinii05tholgoog_0222.png"; bbox 0 0 2788 4713; ppageno 0'>
   <div class='ocr_carea' id='block_1_1' title="bbox 337 180 1806 271">
    <p class='ocr_par' dir='ltr' id='par_1_1' title="bbox 337 180 1806 271">
     <span class='ocr_line' id='line_1_1' title="bbox 337 180 1806 271; baseline -0.007 0"><span class='ocrx_word' id='word_1_1' title='bbox 337 204 459 271; x_wconf 73' lang='lat' dir='ltr'><strong>m</strong></span> <span class='ocrx_word' id='word_1_2' title='bbox 1127 197 1213 261; x_wconf 78' lang='lat' dir='ltr'><strong>m</strong></span> <span class='ocrx_word' id='word_1_3' title='bbox 1251 195 1477 267; x_wconf 69' lang='lat' dir='ltr'>ACTA</span> <span class='ocrx_word' id='word_1_4' title='bbox 1514 180 1806 262; x_wconf 65' lang='lat' dir='ltr'><strong>Arosr.</strong></span> 
     </span>
    </p>
   </div>
   <div class='ocr_carea' id='block_1_2' title="bbox 339 338 2609 724">
    <p class='ocr_par' dir='ltr' id='par_1_2' title="bbox 339 338 2609 724">
     <span class='ocr_line' id='line_1_2' title="bbox 342 338 2601 424; baseline -0.002 -13"><span class='ocrx_word' id='word_1_5' title='bbox 342 367 454 423; x_wconf 77' lang='lat' dir='ltr'><strong>nos</strong></span> <span class='ocrx_word' id='word_1_6' title='bbox 489 343 566 409; x_wconf 84' lang='lat' dir='ltr'><strong>ab</strong></span> <span class='ocrx_word' id='word_1_7' title='bbox 607 362 713 407; x_wconf 88' lang='lat' dir='ltr'><strong>ore</strong></span> <span class='ocrx_word' id='word_1_8' title='bbox 735 340 852 403; x_wconf 89' lang='lat' dir='ltr'><strong>Dei</strong></span> <span class='ocrx_word' id='word_1_9' title='bbox 890 338 1172 423; x_wconf 86' lang='lat' dir='ltr'><strong>pendere.</strong></span> <span class='ocrx_word' id='word_1_10' title='bbox 1249 340 1472 404; x_wconf 76' lang='lat' dir='ltr'><strong>Multos</strong></span> <span class='ocrx_word' id='word_1_11' title='bbox 1497 346 1651 407; x_wconf 85' lang='lat' dir='ltr'><strong>enim</strong></span> <span class='ocrx_word' id='word_1_12' title='bbox 1682 339 1931 424; x_wconf 76' lang='lat' dir='ltr'><strong>impellit</strong></span> <span class='ocrx_word' id='word_1_13' title='bbox 1964 340 2211 405; x_wconf 80' lang='lat' dir='ltr'><strong>ambitio</strong></span> <span class='ocrx_word' id='word_1_14' title='bbox 2250 354 2321 405; x_wconf 83' lang='lat' dir='ltr'><strong>ut</strong></span> <span class='ocrx_word' id='word_1_15' title='bbox 2356 363 2393 404; x_wconf 92' lang='lat' dir='ltr'><strong>o</strong></span> <span class='ocrx_word' id='word_1_16' title='bbox 2437 362 2601 407; x_wconf 86' lang='lat' dir='ltr'><strong>eram</strong></span> 
     </span>
     <span class='ocr_line' id='line_1_3' title="bbox 339 417 2601 502; baseline -0.001 -17"><span class='ocrx_word' id='word_1_17' title='bbox 339 446 504 485; x_wconf 79' lang='lat' dir='ltr'><strong>suam</strong></span> <span class='ocrx_word' id='word_1_18' title='bbox 543 420 822 484; x_wconf 76' lang='lat' dir='ltr'>docendis</span> <span class='ocrx_word' id='word_1_19' title='bbox 859 417 1103 479; x_wconf 87' lang='lat' dir='ltr'><strong>rudibus</strong></span> <span class='ocrx_word' id='word_1_20' title='bbox 1141 419 1517 500; x_wconf 76' lang='lat' dir='ltr'><strong>impendant,</strong></span> <span class='ocrx_word' id='word_1_21' title='bbox 1555 430 1618 480; x_wconf 91' lang='lat' dir='ltr'><strong>et</strong></span> <span class='ocrx_word' id='word_1_22' title='bbox 1654 419 1853 480; x_wconf 78' lang='lat' dir='ltr'><strong>vitium</strong></span> <span class='ocrx_word' id='word_1_23' title='bbox 1896 418 2121 502; x_wconf 86' lang='lat' dir='ltr'><strong>detegit</strong></span> <span class='ocrx_word' id='word_1_24' title='bbox 2164 418 2341 481; x_wconf 83' lang='lat' dir='ltr'><strong>stulta</strong></span> <span class='ocrx_word' id='word_1_25' title='bbox 2407 441 2601 501; x_wconf 88' lang='lat' dir='ltr'><strong>oqua-</strong></span> 
     </span>
     <span class='ocr_line' id='line_1_4' title="bbox 343 494 2605 577; baseline -0.002 -16"><span class='ocrx_word' id='word_1_26' title='bbox 343 502 516 575; x_wconf 85' lang='lat' dir='ltr'><strong>citas‚</strong></span> <span class='ocrx_word' id='word_1_27' title='bbox 577 499 716 560; x_wconf 88' lang='lat' dir='ltr'><strong>dum</strong></span> <span class='ocrx_word' id='word_1_28' title='bbox 777 496 1039 577; x_wconf 86' lang='lat' dir='ltr'><strong>cupidius</strong></span> <span class='ocrx_word' id='word_1_29' title='bbox 1087 494 1266 557; x_wconf 81' lang='lat' dir='ltr'><strong>verba</strong></span> <span class='ocrx_word' id='word_1_30' title='bbox 1329 496 1700 577; x_wconf 84' lang='lat' dir='ltr'><strong>profundunt</strong></span> <span class='ocrx_word' id='word_1_31' title='bbox 1757 494 1869 558; x_wconf 82' lang='lat' dir='ltr'><strong>soli</strong></span> <span class='ocrx_word' id='word_1_32' title='bbox 1913 516 1989 557; x_wconf 87' lang='lat' dir='ltr'><strong>ue</strong></span> <span class='ocrx_word' id='word_1_33' title='bbox 2048 495 2234 557; x_wconf 83' lang='lat' dir='ltr'><strong>audiri</strong></span> <span class='ocrx_word' id='word_1_34' title='bbox 2294 509 2605 577; x_wconf 83' lang='lat' dir='ltr'><strong>appetunt.</strong></span> 
     </span>
     <span class='ocr_line' id='line_1_5' title="bbox 339 517 2609 659; baseline -0.002 -21"><span class='ocrx_word' id='word_1_35' title='bbox 339 577 541 659; x_wconf 82' lang='lat' dir='ltr'><strong>Atque</strong></span> <span class='ocrx_word' id='word_1_36' title='bbox 580 592 762 635; x_wconf 87' lang='lat' dir='ltr'><strong>unum</strong></span> <span class='ocrx_word' id='word_1_37' title='bbox 801 570 914 633; x_wconf 87' lang='lat' dir='ltr'><strong>boc</strong></span> <span class='ocrx_word' id='word_1_38' title='bbox 941 570 1228 633; x_wconf 85' lang='lat' dir='ltr'><strong>‘omnibus</strong></span> <span class='ocrx_word' id='word_1_39' title='bbox 1285 572 1655 655; x_wconf 85' lang='lat' dir='ltr'><strong>propositum</strong></span> <span class='ocrx_word' id='word_1_40' title='bbox 1682 592 1829 649; x_wconf 73' lang='lat' dir='ltr'><strong>,esse</strong></span> <span class='ocrx_word' id='word_1_41' title='bbox 1870 517 2145 647; x_wconf 65' lang='lat' dir='ltr'><strong>decebat,</strong></span> <span class='ocrx_word' id='word_1_42' title='bbox 2204 592 2268 633; x_wconf 85' lang='lat' dir='ltr'><strong>se</strong></span> <span class='ocrx_word' id='word_1_43' title='bbox 2306 585 2369 634; x_wconf 91' lang='lat' dir='ltr'><strong>et</strong></span> <span class='ocrx_word' id='word_1_44' title='bbox 2405 584 2609 635; x_wconf 82' lang='lat' dir='ltr'><strong>totum</strong></span> 
     </span>
     <span class='ocr_line' id='line_1_6' title="bbox 342 646 2609 724; baseline -0.002 -10"><span class='ocrx_word' id='word_1_45' title='bbox 342 652 624 715; x_wconf 87' lang='lat' dir='ltr'><strong>mundum</strong></span> <span class='ocrx_word' id='word_1_46' title='bbox 661 650 798 711; x_wconf 87' lang='lat' dir='ltr'><strong>Deo</strong></span> <span class='ocrx_word' id='word_1_47' title='bbox 837 646 1160 724; x_wconf 81' lang='lat' dir='ltr'><strong>subiicere,</strong></span> <span class='ocrx_word' id='word_1_48' title='bbox 1207 660 1274 709; x_wconf 85' lang='lat' dir='ltr'><strong>ut</strong></span> <span class='ocrx_word' id='word_1_49' title='bbox 1311 647 1645 709; x_wconf 77' lang='lat' dir='ltr'><strong>bominibus</strong></span> <span class='ocrx_word' id='word_1_50' title='bbox 1686 649 1757 710; x_wconf 90' lang='lat' dir='ltr'><strong>ad</strong></span> <span class='ocrx_word' id='word_1_51' title='bbox 1796 670 1993 711; x_wconf 74' lang='lat' dir='ltr'><strong>ver-am</strong></span> <span class='ocrx_word' id='word_1_52' title='bbox 2030 648 2421 717; x_wconf 79' lang='lat' dir='ltr'><strong>humilitatem</strong></span> <span class='ocrx_word' id='word_1_53' title='bbox 2458 648 2609 723; x_wconf 69' lang='lat' dir='ltr'><strong>sul)-</strong></span> 
     </span>
    </p>
   </div>
   <div class='ocr_carea' id='block_1_3' title="bbox 213 717 2611 809">
    <p class='ocr_par' dir='ltr' id='par_1_3' title="bbox 213 717 2611 809">
     <span class='ocr_line' id='line_1_7' title="bbox 213 717 2611 809; baseline -0.003 -17"><span class='ocrx_word' id='word_1_54' title='bbox 213 717 236 745; x_wconf 71' lang='lat'><strong>⁴</strong></span> <span class='ocrx_word' id='word_1_55' title='bbox 343 730 488 791; x_wconf 85' lang='lat' dir='ltr'><strong>actis</strong></span> <span class='ocrx_word' id='word_1_56' title='bbox 527 728 783 789; x_wconf 82' lang='lat' dir='ltr'><strong>emineat</strong></span> <span class='ocrx_word' id='word_1_57' title='bbox 818 726 943 806; x_wconf 89' lang='lat' dir='ltr'><strong>ipse</strong></span> <span class='ocrx_word' id='word_1_58' title='bbox 980 725 1156 787; x_wconf 84' lang='lat' dir='ltr'><strong>solus.</strong></span> <span class='ocrx_word' id='word_1_59' title='bbox 1261 724 1386 799; x_wconf 86' lang='lat' dir='ltr'><strong>Qui</strong></span> <span class='ocrx_word' id='word_1_60' title='bbox 1434 724 1623 805; x_wconf 89' lang='lat' dir='ltr'><strong>pollet</strong></span> <span class='ocrx_word' id='word_1_61' title='bbox 1660 726 1915 787; x_wconf 86' lang='lat' dir='ltr'><strong>docendi</strong></span> <span class='ocrx_word' id='word_1_62' title='bbox 1966 725 2237 788; x_wconf 75' lang='lat' dir='ltr'><strong>facultate</strong></span> <span class='ocrx_word' id='word_1_63' title='bbox 2288 738 2349 787; x_wconf 89' lang='lat' dir='ltr'><strong>et</strong></span> <span class='ocrx_word' id='word_1_64' title='bbox 2394 726 2611 809; x_wconf 82' lang='lat' dir='ltr'><strong>gratia,</strong></span> 
     </span>
    </p>
   </div>
   <div class='ocr_carea' id='block_1_4' title="bbox 335 801 2609 2342">
    <p class='ocr_par' dir='ltr' id='par_1_4' title="bbox 335 801 2609 2342">
     <span class='ocr_line' id='line_1_8' title="bbox 345 801 2608 895; baseline -0.001 -28"><span class='ocrx_word' id='word_1_65' title='bbox 345 827 423 868; x_wconf 88' lang='lat' dir='ltr'><strong>ne</strong></span> <span class='ocrx_word' id='word_1_66' title='bbox 463 814 694 866; x_wconf 89' lang='lat' dir='ltr'><strong>recuset</strong></span> <span class='ocrx_word' id='word_1_67' title='bbox 733 801 1009 869; x_wconf 77' lang='lat' dir='ltr'><strong>fratribus</strong></span> <span class='ocrx_word' id='word_1_68' title='bbox 1046 820 1110 863; x_wconf 85' lang='lat' dir='ltr'><strong>se</strong></span> <span class='ocrx_word' id='word_1_69' title='bbox 1149 823 1238 861; x_wconf 87' lang='lat' dir='ltr'><strong>ma</strong></span> <span class='ocrx_word' id='word_1_70' title='bbox 1283 804 1484 861; x_wconf 88' lang='lat' dir='ltr'><strong>istrum</strong></span> <span class='ocrx_word' id='word_1_71' title='bbox 1526 814 1855 895; x_wconf 79' lang='lat' dir='ltr'><strong>praestare,</strong></span> <span class='ocrx_word' id='word_1_72' title='bbox 1902 801 2052 863; x_wconf 85' lang='lat' dir='ltr'><strong>absit</strong></span> <span class='ocrx_word' id='word_1_73' title='bbox 2102 803 2283 863; x_wconf 88' lang='lat' dir='ltr'><strong>modo</strong></span> <span class='ocrx_word' id='word_1_74' title='bbox 2324 802 2608 865; x_wconf 75' lang='lat' dir='ltr'><strong>iactantia</strong></span> 
     </span>
     <span class='ocr_line' id='line_1_9' title="bbox 347 820 2609 957; baseline -0.003 -13"><span class='ocrx_word' id='word_1_75' title='bbox 347 893 408 945; x_wconf 89' lang='lat' dir='ltr'><strong>et</strong></span> <span class='ocrx_word' id='word_1_76' title='bbox 445 891 688 943; x_wconf 82' lang='lat' dir='ltr'><strong>ventosa</strong></span> <span class='ocrx_word' id='word_1_77' title='bbox 738 878 1035 939; x_wconf 84' lang='lat' dir='ltr'><strong>eminendi</strong></span> <span class='ocrx_word' id='word_1_78' title='bbox 1085 820 1394 957; x_wconf 58' lang='lat' dir='ltr'><strong>cupitfitas:</strong></span> <span class='ocrx_word' id='word_1_79' title='bbox 1462 899 1555 939; x_wconf 74' lang='lat' dir='ltr'><strong>cun</strong></span> <span class='ocrx_word' id='word_1_80' title='bbox 1610 877 1807 939; x_wconf 89' lang='lat' dir='ltr'><strong>datum</strong></span> <span class='ocrx_word' id='word_1_81' title='bbox 1860 900 1983 940; x_wconf 88' lang='lat' dir='ltr'><strong>non</strong></span> <span class='ocrx_word' id='word_1_82' title='bbox 2036 891 2125 941; x_wconf 87' lang='lat' dir='ltr'><strong>est</strong></span> <span class='ocrx_word' id='word_1_83' title='bbox 2172 898 2235 939; x_wconf 83' lang='lat' dir='ltr'><strong>se</strong></span> <span class='ocrx_word' id='word_1_84' title='bbox 2289 878 2609 939; x_wconf 79' lang='lat' dir='ltr'><strong>doctorem</strong></span> 
     </span>
     <span class='ocr_line' id='line_1_10' title="bbox 343 952 2607 1041; baseline -0.001 -21"><span class='ocrx_word' id='word_1_85' title='bbox 343 958 630 1041; x_wconf 77' lang='lat' dir='ltr'><strong>profiteri,</strong></span> <span class='ocrx_word' id='word_1_86' title='bbox 669 956 715 1017; x_wconf 88' lang='lat' dir='ltr'><strong>is</strong></span> <span class='ocrx_word' id='word_1_87' title='bbox 755 955 909 1015; x_wconf 86' lang='lat' dir='ltr'><strong>intra</strong></span> <span class='ocrx_word' id='word_1_88' title='bbox 947 952 1249 1015; x_wconf 88' lang='lat' dir='ltr'><strong>modulum</strong></span> <span class='ocrx_word' id='word_1_89' title='bbox 1287 975 1456 1015; x_wconf 82' lang='lat' dir='ltr'><strong>suum</strong></span> <span class='ocrx_word' id='word_1_90' title='bbox 1493 974 1557 1017; x_wconf 86' lang='lat' dir='ltr'><strong>se</strong></span> <span class='ocrx_word' id='word_1_91' title='bbox 1596 955 1925 1017; x_wconf 82' lang='lat' dir='ltr'><strong>contineat:</strong></span> <span class='ocrx_word' id='word_1_92' title='bbox 1966 956 2159 1016; x_wconf 85' lang='lat' dir='ltr'><strong>neutri</strong></span> <span class='ocrx_word' id='word_1_93' title='bbox 2198 955 2607 1037; x_wconf 78' lang='lat' dir='ltr'><strong>magisterium</strong></span> 
     </span>
     <span class='ocr_line' id='line_1_11' title="bbox 343 1029 2605 1117; baseline -0.001 -22"><span class='ocrx_word' id='word_1_94' title='bbox 343 1057 418 1117; x_wconf 88' lang='lat' dir='ltr'><strong>ap</strong></span> <span class='ocrx_word' id='word_1_95' title='bbox 463 1046 658 1107; x_wconf 82' lang='lat' dir='ltr'><strong>etant,</strong></span> <span class='ocrx_word' id='word_1_96' title='bbox 705 1030 878 1095; x_wconf 81' lang='lat' dir='ltr'><strong>sicuti</strong></span> <span class='ocrx_word' id='word_1_97' title='bbox 914 1030 1088 1094; x_wconf 81' lang='lat' dir='ltr'><strong>etiam</strong></span> <span class='ocrx_word' id='word_1_98' title='bbox 1126 1041 1332 1092; x_wconf 85' lang='lat' dir='ltr'><strong>monet</strong></span> <span class='ocrx_word' id='word_1_99' title='bbox 1366 1029 1905 1105; x_wconf 73' lang='lat' dir='ltr'><strong>Iacobus‚·verum</strong></span> <span class='ocrx_word' id='word_1_100' title='bbox 1940 1034 2023 1095; x_wconf 87' lang='lat' dir='ltr'><strong>sic</strong></span> <span class='ocrx_word' id='word_1_101' title='bbox 2070 1032 2163 1093; x_wconf 90' lang='lat' dir='ltr'><strong>alii</strong></span> <span class='ocrx_word' id='word_1_102' title='bbox 2206 1032 2351 1094; x_wconf 83' lang='lat' dir='ltr'><strong>alios</strong></span> <span class='ocrx_word' id='word_1_103' title='bbox 2390 1044 2605 1093; x_wconf 86' lang='lat' dir='ltr'><strong>mutuo</strong></span> 
     </span>
     <span class='ocr_line' id='line_1_12' title="bbox 341 1104 2605 1189; baseline -0.002 -16"><span class='ocrx_word' id='word_1_104' title='bbox 341 1133 410 1173; x_wconf 86' lang='lat' dir='ltr'><strong>ae</strong></span> <span class='ocrx_word' id='word_1_105' title='bbox 455 1110 687 1184; x_wconf 63' lang='lat' dir='ltr'><strong>meent,</strong></span> <span class='ocrx_word' id='word_1_106' title='bbox 737 1120 802 1169; x_wconf 93' lang='lat' dir='ltr'><strong>ut</strong></span> <span class='ocrx_word' id='word_1_107' title='bbox 849 1126 1042 1187; x_wconf 85' lang='lat' dir='ltr'><strong>neque</strong></span> <span class='ocrx_word' id='word_1_108' title='bbox 1079 1104 1291 1168; x_wconf 87' lang='lat' dir='ltr'><strong>doctos</strong></span> <span class='ocrx_word' id='word_1_109' title='bbox 1339 1127 1534 1188; x_wconf 85' lang='lat' dir='ltr'><strong>neque</strong></span> <span class='ocrx_word' id='word_1_110' title='bbox 1588 1108 1861 1171; x_wconf 80' lang='lat' dir='ltr'><strong>indoctos</strong></span> <span class='ocrx_word' id='word_1_111' title='bbox 1901 1109 1959 1168; x_wconf 92' lang='lat' dir='ltr'><strong>in</strong></span> <span class='ocrx_word' id='word_1_112' title='bbox 2001 1108 2271 1171; x_wconf 83' lang='lat' dir='ltr'><strong>ordinem</strong></span> <span class='ocrx_word' id='word_1_113' title='bbox 2311 1109 2446 1189; x_wconf 84' lang='lat' dir='ltr'><strong>cogi</strong></span> <span class='ocrx_word' id='word_1_114' title='bbox 2488 1129 2605 1187; x_wconf 89' lang='lat' dir='ltr'><strong>pu-</strong></span> 
     </span>
     <span class='ocr_line' id='line_1_13' title="bbox 344 1184 2604 1269; baseline -0.002 -20"><span class='ocrx_word' id='word_1_115' title='bbox 344 1186 497 1250; x_wconf 87' lang='lat' dir='ltr'><strong>deat.</strong></span> <span class='ocrx_word' id='word_1_116' title='bbox 575 1184 898 1262; x_wconf 80' lang='lat' dir='ltr'><strong>Quaeritur</strong></span> <span class='ocrx_word' id='word_1_117' title='bbox 937 1195 1156 1258; x_wconf 83' lang='lat' dir='ltr'><strong>tamen,</strong></span> <span class='ocrx_word' id='word_1_118' title='bbox 1194 1204 1343 1264; x_wconf 87' lang='lat' dir='ltr'><strong>quos</strong></span> <span class='ocrx_word' id='word_1_119' title='bbox 1381 1184 1442 1244; x_wconf 86' lang='lat' dir='ltr'><strong>in</strong></span> <span class='ocrx_word' id='word_1_120' title='bbox 1471 1184 1686 1251; x_wconf 76' lang='lat' dir='ltr'><strong>Iudaea</strong></span> <span class='ocrx_word' id='word_1_121' title='bbox 1727 1197 2012 1269; x_wconf 76' lang='lat' dir='ltr'><strong>cognatos</strong></span> <span class='ocrx_word' id='word_1_122' title='bbox 2054 1184 2271 1245; x_wconf 85' lang='lat' dir='ltr'><strong>habere</strong></span> <span class='ocrx_word' id='word_1_123' title='bbox 2310 1185 2604 1265; x_wconf 83' lang='lat' dir='ltr'><strong>potuerit,</strong></span> 
     </span>
     <span class='ocr_line' id='line_1_14' title="bbox 385 1258 2604 1342; baseline -0.002 -15"><span class='ocrx_word' id='word_1_124' title='bbox 385 1288 523 1327; x_wconf 85' lang='lat' dir='ltr'><strong>uum</strong></span> <span class='ocrx_word' id='word_1_125' title='bbox 559 1264 668 1325; x_wconf 88' lang='lat' dir='ltr'><strong>alie</strong></span> <span class='ocrx_word' id='word_1_126' title='bbox 715 1262 731 1277; x_wconf 77' lang='lat'><strong>⁹</strong></span> <span class='ocrx_word' id='word_1_127' title='bbox 777 1281 888 1321; x_wconf 87' lang='lat' dir='ltr'><strong>ena</strong></span> <span class='ocrx_word' id='word_1_128' title='bbox 928 1270 988 1320; x_wconf 87' lang='lat' dir='ltr'><strong>et</strong></span> <span class='ocrx_word' id='word_1_129' title='bbox 1025 1258 1362 1341; x_wconf 83' lang='lat' dir='ltr'><strong>temporalis</strong></span> <span class='ocrx_word' id='word_1_130' title='bbox 1400 1260 1643 1323; x_wconf 85' lang='lat' dir='ltr'><strong>militiae</strong></span> <span class='ocrx_word' id='word_1_131' title='bbox 1684 1282 1851 1323; x_wconf 84' lang='lat' dir='ltr'><strong>causa</strong></span> <span class='ocrx_word' id='word_1_132' title='bbox 1886 1260 2029 1324; x_wconf 85' lang='lat' dir='ltr'><strong>illuc</strong></span> <span class='ocrx_word' id='word_1_133' title='bbox 2070 1260 2367 1342; x_wconf 78' lang='lat' dir='ltr'><strong>profectus</strong></span> <span class='ocrx_word' id='word_1_134' title='bbox 2408 1260 2604 1323; x_wconf 78' lang='lat' dir='ltr'><strong>esset?</strong></span> 
     </span>
     <span class='ocr_line' id='line_1_15' title="bbox 341 1280 2605 1425; baseline -0.003 -22"><span class='ocrx_word' id='word_1_135' title='bbox 341 1286 474 1425; x_wconf 53' lang='lat' dir='ltr'><strong>{go</strong></span> <span class='ocrx_word' id='word_1_136' title='bbox 516 1353 581 1400; x_wconf 91' lang='lat' dir='ltr'><strong>ut</strong></span> <span class='ocrx_word' id='word_1_137' title='bbox 609 1280 778 1400; x_wconf 48' lang='lat' dir='ltr'><strong>&#39;nibil</strong></span> <span class='ocrx_word' id='word_1_138' title='bbox 800 1336 1053 1410; x_wconf 78' lang='lat' dir='ltr'><strong>affirmo,</strong></span> <span class='ocrx_word' id='word_1_139' title='bbox 1089 1336 1171 1397; x_wconf 88' lang='lat' dir='ltr'><strong>ita</strong></span> <span class='ocrx_word' id='word_1_140' title='bbox 1209 1337 1621 1417; x_wconf 69' lang='lat' dir='ltr'><strong>hoctanquam</strong></span> <span class='ocrx_word' id='word_1_141' title='bbox 1646 1339 1890 1399; x_wconf 79' lang='lat' dir='ltr'><strong>maxime</strong></span> <span class='ocrx_word' id='word_1_142' title='bbox 1908 1336 2218 1417; x_wconf 80' lang='lat' dir='ltr'><strong>probabile</strong></span> <span class='ocrx_word' id='word_1_143' title='bbox 2250 1335 2605 1419; x_wconf 85' lang='lat' dir='ltr'><strong>amplector,</strong></span> 
     </span>
     <span class='ocr_line' id='line_1_16' title="bbox 341 1410 2601 1501; baseline -0.002 -21"><span class='ocrx_word' id='word_1_144' title='bbox 341 1418 504 1501; x_wconf 86' lang='lat' dir='ltr'><strong>quod</strong></span> <span class='ocrx_word' id='word_1_145' title='bbox 551 1417 612 1477; x_wconf 88' lang='lat' dir='ltr'><strong>in</strong></span> <span class='ocrx_word' id='word_1_146' title='bbox 661 1437 762 1477; x_wconf 82' lang='lat' dir='ltr'><strong>sua</strong></span> <span class='ocrx_word' id='word_1_147' title='bbox 813 1425 1006 1475; x_wconf 87' lang='lat' dir='ltr'><strong>turma</strong></span> <span class='ocrx_word' id='word_1_148' title='bbox 1044 1410 1270 1493; x_wconf 85' lang='lat' dir='ltr'><strong>aliquos</strong></span> <span class='ocrx_word' id='word_1_149' title='bbox 1321 1412 1592 1475; x_wconf 77' lang='lat' dir='ltr'><strong>habuerit</strong></span> <span class='ocrx_word' id='word_1_150' title='bbox 1632 1434 1699 1475; x_wconf 79' lang='lat' dir='ltr'><strong>ex</strong></span> <span class='ocrx_word' id='word_1_151' title='bbox 1738 1415 2021 1497; x_wconf 85' lang='lat' dir='ltr'><strong>cognatis.</strong></span> <span class='ocrx_word' id='word_1_152' title='bbox 2110 1412 2399 1474; x_wconf 86' lang='lat' dir='ltr'><strong>Solebant</strong></span> <span class='ocrx_word' id='word_1_153' title='bbox 2439 1414 2601 1475; x_wconf 88' lang='lat' dir='ltr'><strong>enim</strong></span> 
     </span>
     <span class='ocr_line' id='line_1_17' title="bbox 341 1488 2601 1577; baseline -0.001 -22"><span class='ocrx_word' id='word_1_154' title='bbox 341 1490 661 1577; x_wconf 87' lang='lat' dir='ltr'><strong>propinqui</strong></span> <span class='ocrx_word' id='word_1_155' title='bbox 702 1504 763 1551; x_wconf 88' lang='lat' dir='ltr'><strong>et</strong></span> <span class='ocrx_word' id='word_1_156' title='bbox 800 1488 956 1551; x_wconf 89' lang='lat' dir='ltr'><strong>inter</strong></span> <span class='ocrx_word' id='word_1_157' title='bbox 993 1508 1056 1550; x_wconf 80' lang='lat' dir='ltr'><strong>se</strong></span> <span class='ocrx_word' id='word_1_158' title='bbox 1087 1490 1228 1551; x_wconf 90' lang='lat' dir='ltr'><strong>&#39;noti</strong></span> <span class='ocrx_word' id='word_1_159' title='bbox 1265 1490 1374 1550; x_wconf 84' lang='lat' dir='ltr'><strong>sub</strong></span> <span class='ocrx_word' id='word_1_160' title='bbox 1418 1490 1575 1551; x_wconf 89' lang='lat' dir='ltr'><strong>idem</strong></span> <span class='ocrx_word' id='word_1_161' title='bbox 1612 1490 1885 1551; x_wconf 83' lang='lat' dir='ltr'><strong>vexillum</strong></span> <span class='ocrx_word' id='word_1_162' title='bbox 1926 1490 2109 1553; x_wconf 86' lang='lat' dir='ltr'><strong>coire.</strong></span> <span class='ocrx_word' id='word_1_163' title='bbox 2184 1490 2311 1552; x_wconf 86' lang='lat' dir='ltr'><strong>Nec</strong></span> <span class='ocrx_word' id='word_1_164' title='bbox 2350 1488 2601 1553; x_wconf 78' lang='lat' dir='ltr'><strong>dubium</strong></span> 
     </span>
     <span class='ocr_line' id='line_1_18' title="bbox 341 1558 2601 1649; baseline -0.002 -18"><span class='ocrx_word' id='word_1_165' title='bbox 341 1583 429 1633; x_wconf 86' lang='lat' dir='ltr'><strong>est</strong></span> <span class='ocrx_word' id='word_1_166' title='bbox 469 1572 608 1649; x_wconf 89' lang='lat' dir='ltr'><strong>quin</strong></span> <span class='ocrx_word' id='word_1_167' title='bbox 646 1567 754 1629; x_wconf 85' lang='lat' dir='ltr'><strong>sub</strong></span> <span class='ocrx_word' id='word_1_168' title='bbox 799 1564 1072 1628; x_wconf 88' lang='lat' dir='ltr'><strong>Cornelii</strong></span> <span class='ocrx_word' id='word_1_169' title='bbox 1112 1558 1571 1649; x_wconf 56' lang='lat' dir='ltr'><strong>vexillo,‘ijuum</strong></span> <span class='ocrx_word' id='word_1_170' title='bbox 1613 1568 1903 1631; x_wconf 82' lang='lat' dir='ltr'><strong>Centurio</strong></span> <span class='ocrx_word' id='word_1_171' title='bbox 1942 1578 2125 1642; x_wconf 85' lang='lat' dir='ltr'><strong>esset,</strong></span> <span class='ocrx_word' id='word_1_172' title='bbox 2164 1567 2443 1627; x_wconf 78' lang='lat' dir='ltr'><strong>libentius</strong></span> <span class='ocrx_word' id='word_1_173' title='bbox 2484 1568 2601 1627; x_wconf 88' lang='lat' dir='ltr'><strong>mi-</strong></span> 
     </span>
     <span class='ocr_line' id='line_1_19' title="bbox 340 1641 2601 1727; baseline -0.002 -20"><span class='ocrx_word' id='word_1_174' title='bbox 340 1646 639 1713; x_wconf 76' lang='lat' dir='ltr'><strong>litaverint</strong></span> <span class='ocrx_word' id='word_1_175' title='bbox 677 1642 944 1727; x_wconf 76' lang='lat' dir='ltr'><strong>cognati:</strong></span> <span class='ocrx_word' id='word_1_176' title='bbox 985 1641 1325 1715; x_wconf 75' lang='grc' dir='ltr'><strong><em>ιέναγκαίοος</em></strong></span> <span class='ocrx_word' id='word_1_177' title='bbox 1355 1653 1529 1707; x_wconf 66' lang='lat' dir='ltr'><strong>rorat</strong></span> <span class='ocrx_word' id='word_1_178' title='bbox 1566 1644 1902 1705; x_wconf 76' lang='lat' dir='ltr'><strong>Familiares</strong></span> <span class='ocrx_word' id='word_1_179' title='bbox 1938 1644 2190 1719; x_wconf 82' lang='lat' dir='ltr'><strong>amicos,</strong></span> <span class='ocrx_word' id='word_1_180' title='bbox 2232 1643 2403 1707; x_wconf 84' lang='lat' dir='ltr'><strong>sicuti</strong></span> <span class='ocrx_word' id='word_1_181' title='bbox 2440 1643 2601 1723; x_wconf 90' lang='lat' dir='ltr'><strong>apud</strong></span> 
     </span>
     <span class='ocr_line' id='line_1_20' title="bbox 335 1718 2597 1801; baseline -0.001 -17"><span class='ocrx_word' id='word_1_182' title='bbox 335 1722 580 1784; x_wconf 85' lang='lat' dir='ltr'><strong>Latinos</strong></span> <span class='ocrx_word' id='word_1_183' title='bbox 619 1718 948 1783; x_wconf 82' lang='lat' dir='ltr'><strong>Necessarii</strong></span> <span class='ocrx_word' id='word_1_184' title='bbox 981 1728 1297 1797; x_wconf 75' lang='lat' dir='ltr'><strong>vocantur,</strong></span> <span class='ocrx_word' id='word_1_185' title='bbox 1361 1719 1463 1801; x_wconf 89' lang='lat' dir='ltr'><strong>qui</strong></span> <span class='ocrx_word' id='word_1_186' title='bbox 1522 1722 1777 1783; x_wconf 78' lang='lat' dir='ltr'><strong>arctiore</strong></span> <span class='ocrx_word' id='word_1_187' title='bbox 1824 1721 2062 1783; x_wconf 75' lang='lat' dir='ltr'><strong>vinculo</strong></span> <span class='ocrx_word' id='word_1_188' title='bbox 2128 1720 2287 1782; x_wconf 84' lang='lat' dir='ltr'><strong>inter</strong></span> <span class='ocrx_word' id='word_1_189' title='bbox 2332 1739 2397 1781; x_wconf 76' lang='lat' dir='ltr'><strong>se</strong></span> <span class='ocrx_word' id='word_1_190' title='bbox 2446 1741 2597 1781; x_wconf 87' lang='lat' dir='ltr'><strong>con-</strong></span> 
     </span>
     <span class='ocr_line' id='line_1_21' title="bbox 338 1800 2514 1862; baseline -0.003 -1"><span class='ocrx_word' id='word_1_191' title='bbox 338 1800 524 1862; x_wconf 80' lang='lat' dir='ltr'><strong>iuncti</strong></span> <span class='ocrx_word' id='word_1_192' title='bbox 561 1810 715 1859; x_wconf 82' lang='lat' dir='ltr'><strong>sunt.</strong></span> <span class='ocrx_word' id='word_1_193' title='bbox 2506 1812 2514 1821; x_wconf 81' lang='grc'><em>’</em></span> 
     </span>
     <span class='ocr_line' id='line_1_22' title="bbox 487 1870 2597 1948; baseline 0 -12"><span class='ocrx_word' id='word_1_194' title='bbox 487 1882 585 1941; x_wconf 79' lang='grc'><strong>25.</strong></span> <span class='ocrx_word' id='word_1_195' title='bbox 659 1870 983 1936; x_wconf 69' lang='lat' dir='ltr'><strong>Pmcfdm</strong></span> <span class='ocrx_word' id='word_1_196' title='bbox 1015 1870 1232 1945; x_wconf 54' lang='grc' dir='ltr'><strong>ι’]ῑίμιᾶ</strong></span> <span class='ocrx_word' id='word_1_197' title='bbox 1259 1870 1435 1948; x_wconf 76' lang='lat' dir='ltr'><strong>pedes</strong></span> <span class='ocrx_word' id='word_1_198' title='bbox 1470 1871 1754 1934; x_wconf 70' lang='lat' dir='ltr'><strong>adm-emir.</strong></span> <span class='ocrx_word' id='word_1_199' title='bbox 1832 1872 1947 1935; x_wconf 83' lang='lat' dir='ltr'><strong>Hic</strong></span> <span class='ocrx_word' id='word_1_200' title='bbox 1986 1885 2077 1935; x_wconf 87' lang='lat' dir='ltr'><strong>est</strong></span> <span class='ocrx_word' id='word_1_201' title='bbox 2114 1872 2356 1935; x_wconf 81' lang='lat' dir='ltr'><strong>verbum</strong></span> <span class='ocrx_word' id='word_1_202' title='bbox 2392 1894 2597 1947; x_wconf 70' lang='grc' dir='ltr'><strong><em>προςε-</em></strong></span> 
     </span>
     <span class='ocr_line' id='line_1_23' title="bbox 335 1948 2597 2042; baseline -0.001 -31"><span class='ocrx_word' id='word_1_203' title='bbox 335 1950 592 2023; x_wconf 72' lang='grc' dir='ltr'><strong><em>κῦνησεν,</em></strong></span> <span class='ocrx_word' id='word_1_204' title='bbox 632 1951 794 2033; x_wconf 86' lang='lat' dir='ltr'><strong>quod</strong></span> <span class='ocrx_word' id='word_1_205' title='bbox 830 1960 930 2012; x_wconf 85' lang='lat' dir='ltr'><strong>aut</strong></span> <span class='ocrx_word' id='word_1_206' title='bbox 967 1948 1376 2032; x_wconf 71' lang='lat' dir='ltr'><strong>genuflexione</strong></span> <span class='ocrx_word' id='word_1_207' title='bbox 1428 1962 1529 2010; x_wconf 90' lang='lat' dir='ltr'><strong>aut</strong></span> <span class='ocrx_word' id='word_1_208' title='bbox 1578 1951 1767 2031; x_wconf 85' lang='lat' dir='ltr'><strong>capite</strong></span> <span class='ocrx_word' id='word_1_209' title='bbox 1814 1949 2104 2012; x_wconf 85' lang='lat' dir='ltr'><strong>submisso</strong></span> <span class='ocrx_word' id='word_1_210' title='bbox 2142 1963 2245 2011; x_wconf 86' lang='lat' dir='ltr'><strong>aut</strong></span> <span class='ocrx_word' id='word_1_211' title='bbox 2280 1950 2397 2011; x_wconf 88' lang='lat' dir='ltr'><strong>alio</strong></span> <span class='ocrx_word' id='word_1_212' title='bbox 2440 1968 2597 2042; x_wconf 88' lang='lat' dir='ltr'><strong>quo-</strong></span> 
     </span>
     <span class='ocr_line' id='line_1_24' title="bbox 337 2018 2595 2121; baseline -0.004 -28"><span class='ocrx_word' id='word_1_213' title='bbox 337 2030 424 2093; x_wconf 80' lang='lat' dir='ltr'><strong>vis</strong></span> <span class='ocrx_word' id='word_1_214' title='bbox 462 2039 630 2113; x_wconf 85' lang='lat' dir='ltr'><strong>gestu</strong></span> <span class='ocrx_word' id='word_1_215' title='bbox 683 2028 972 2088; x_wconf 85' lang='lat' dir='ltr'><strong>bonorem</strong></span> <span class='ocrx_word' id='word_1_216' title='bbox 1024 2018 1361 2107; x_wconf 61' lang='lat' dir='ltr'><strong>culuimque</strong></span> <span class='ocrx_word' id='word_1_217' title='bbox 1410 2028 1609 2106; x_wconf 69' lang='lat' dir='ltr'><strong>testari</strong></span> <span class='ocrx_word' id='word_1_218' title='bbox 1658 2026 1963 2121; x_wconf 74' lang='lat' dir='ltr'><strong>significat.</strong></span> <span class='ocrx_word' id='word_1_219' title='bbox 2052 2028 2225 2087; x_wconf 88' lang='lat' dir='ltr'><strong>Nunc</strong></span> <span class='ocrx_word' id='word_1_220' title='bbox 2272 2038 2595 2106; x_wconf 75' lang='lat' dir='ltr'><strong>quaeritur,</strong></span> 
     </span>
     <span class='ocr_line' id='line_1_25' title="bbox 338 2100 2595 2179; baseline -0.002 -12"><span class='ocrx_word' id='word_1_221' title='bbox 338 2128 411 2167; x_wconf 87' lang='lat' dir='ltr'><strong>an</strong></span> <span class='ocrx_word' id='word_1_222' title='bbox 461 2104 782 2167; x_wconf 74' lang='lat' dir='ltr'><strong>modestiae</strong></span> <span class='ocrx_word' id='word_1_223' title='bbox 825 2114 1052 2163; x_wconf 84' lang='lat' dir='ltr'><strong>tantum</strong></span> <span class='ocrx_word' id='word_1_224' title='bbox 1091 2122 1260 2163; x_wconf 79' lang='lat' dir='ltr'><strong>nausa</strong></span> <span class='ocrx_word' id='word_1_225' title='bbox 1309 2100 1911 2165; x_wconf 76' lang='lat' dir='ltr'><strong>hanc&#39;adoratnonem</strong></span> <span class='ocrx_word' id='word_1_226' title='bbox 1961 2114 2193 2165; x_wconf 87' lang='lat' dir='ltr'><strong>recuset</strong></span> <span class='ocrx_word' id='word_1_227' title='bbox 2228 2102 2469 2179; x_wconf 83' lang='lat' dir='ltr'><strong>Petrus,</strong></span> <span class='ocrx_word' id='word_1_228' title='bbox 2516 2122 2595 2162; x_wconf 87' lang='lat' dir='ltr'><strong>an</strong></span> 
     </span>
     <span class='ocr_line' id='line_1_26' title="bbox 337 2177 2598 2263; baseline -0.001 -22"><span class='ocrx_word' id='word_1_229' title='bbox 337 2181 480 2243; x_wconf 81' lang='lat' dir='ltr'><strong>vero</strong></span> <span class='ocrx_word' id='word_1_230' title='bbox 525 2194 591 2241; x_wconf 85' lang='lat' dir='ltr'><strong>ut</strong></span> <span class='ocrx_word' id='word_1_231' title='bbox 628 2202 754 2242; x_wconf 88' lang='lat' dir='ltr'><strong>rem</strong></span> <span class='ocrx_word' id='word_1_232' title='bbox 791 2180 1056 2241; x_wconf 82' lang='lat' dir='ltr'><strong>illicitam</strong></span> <span class='ocrx_word' id='word_1_233' title='bbox 1093 2200 1332 2261; x_wconf 85' lang='lat' dir='ltr'><strong>prorsus</strong></span> <span class='ocrx_word' id='word_1_234' title='bbox 1371 2178 1708 2259; x_wconf 82' lang='lat' dir='ltr'><strong>improbet?</strong></span> <span class='ocrx_word' id='word_1_235' title='bbox 1754 2179 1971 2255; x_wconf 45' lang='lat' dir='ltr'><strong>‘Quod</strong></span> <span class='ocrx_word' id='word_1_236' title='bbox 2008 2181 2197 2263; x_wconf 59' lang='lat' dir='ltr'><strong>Retro</strong></span> <span class='ocrx_word' id='word_1_237' title='bbox 2236 2177 2598 2259; x_wconf 77' lang='lat' dir='ltr'><strong>displicuerit</strong></span> 
     </span>
     <span class='ocr_line' id='line_1_27' title="bbox 339 2252 2597 2342; baseline -0.003 -21"><span class='ocrx_word' id='word_1_238' title='bbox 339 2258 608 2321; x_wconf 88' lang='lat' dir='ltr'><strong>Cornelii</strong></span> <span class='ocrx_word' id='word_1_239' title='bbox 649 2258 886 2329; x_wconf 82' lang='lat' dir='ltr'><strong>factum,</strong></span> <span class='ocrx_word' id='word_1_240' title='bbox 925 2267 1275 2342; x_wconf 54' lang='lat' dir='ltr'><strong>apparetssex</strong></span> <span class='ocrx_word' id='word_1_241' title='bbox 1314 2256 1546 2317; x_wconf 82' lang='lat' dir='ltr'><strong>ratione</strong></span> <span class='ocrx_word' id='word_1_242' title='bbox 1582 2279 1713 2317; x_wconf 82' lang='lat' dir='ltr'><strong>mox</strong></span> <span class='ocrx_word' id='word_1_243' title='bbox 1728 2252 1956 2319; x_wconf 68' lang='lat' dir='ltr'><strong>addita:</strong></span> <span class='ocrx_word' id='word_1_244' title='bbox 1996 2278 2187 2332; x_wconf 75' lang='lat' dir='ltr'><strong>surge,</strong></span> <span class='ocrx_word' id='word_1_245' title='bbox 2224 2278 2363 2315; x_wconf 70' lang='lat' dir='ltr'><strong>nm</strong></span> <span class='ocrx_word' id='word_1_246' title='bbox 2399 2269 2454 2315; x_wconf 70' lang='lat' dir='ltr'><strong><em>d</em></strong></span> <span class='ocrx_word' id='word_1_247' title='bbox 2488 2276 2597 2331; x_wconf 75' lang='lat' dir='ltr'><strong>ego</strong></span> 
     </span>
    </p>
   </div>
   <div class='ocr_carea' id='block_1_5' title="bbox 329 2312 2599 3641">
    <p class='ocr_par' dir='ltr' id='par_1_5' title="bbox 329 2312 2599 3641">
     <span class='ocr_line' id='line_1_28' title="bbox 333 2312 2595 2416; baseline -0.001 -20"><span class='ocrx_word' id='word_1_248' title='bbox 333 2332 502 2396; x_wconf 66' lang='lat' dir='ltr'><strong>bomo</strong></span> <span class='ocrx_word' id='word_1_249' title='bbox 536 2356 682 2396; x_wconf 61' lang='lat' dir='ltr'><strong>suan.</strong></span> <span class='ocrx_word' id='word_1_250' title='bbox 763 2334 1074 2416; x_wconf 71' lang='lat' dir='ltr'><strong>Colligere.</strong></span> <span class='ocrx_word' id='word_1_251' title='bbox 1105 2353 1136 2392; x_wconf 88' lang='lat' dir='ltr'><strong>e</strong></span> <span class='ocrx_word' id='word_1_252' title='bbox 1205 2355 1275 2404; x_wconf 69' lang='lat' dir='ltr'><strong>m</strong></span> <span class='ocrx_word' id='word_1_253' title='bbox 1301 2331 1441 2394; x_wconf 87' lang='lat' dir='ltr'><strong>licet</strong></span> <span class='ocrx_word' id='word_1_254' title='bbox 1480 2312 1671 2402; x_wconf 51' lang='lat' dir='ltr'><strong>estis</strong></span> <span class='ocrx_word' id='word_1_255' title='bbox 1710 2334 1935 2408; x_wconf 79' lang='lat' dir='ltr'><strong>verbis,</strong></span> <span class='ocrx_word' id='word_1_256' title='bbox 1976 2332 2232 2405; x_wconf 66' lang='lat' dir='ltr'><strong>divinum</strong></span> <span class='ocrx_word' id='word_1_257' title='bbox 2274 2332 2595 2394; x_wconf 45' lang='lat' dir='ltr'><strong>suissefali-</strong></span> 
     </span>
     <span class='ocr_line' id='line_1_29' title="bbox 337 2407 2597 2494; baseline -0.001 -21"><span class='ocrx_word' id='word_1_258' title='bbox 337 2413 478 2494; x_wconf 89' lang='lat' dir='ltr'><strong>quid</strong></span> <span class='ocrx_word' id='word_1_259' title='bbox 519 2413 578 2473; x_wconf 90' lang='lat' dir='ltr'><strong>in</strong></span> <span class='ocrx_word' id='word_1_260' title='bbox 621 2433 694 2474; x_wconf 88' lang='lat' dir='ltr'><strong>eo</strong></span> <span class='ocrx_word' id='word_1_261' title='bbox 736 2411 919 2486; x_wconf 71' lang='lat' dir='ltr'><strong>cultu,</strong></span> <span class='ocrx_word' id='word_1_262' title='bbox 958 2411 1115 2491; x_wconf 89' lang='lat' dir='ltr'><strong>quod</strong></span> <span class='ocrx_word' id='word_1_263' title='bbox 1192 2409 1413 2472; x_wconf 76' lang='lat' dir='ltr'><strong>ebitum</strong></span> <span class='ocrx_word' id='word_1_264' title='bbox 1453 2409 1560 2472; x_wconf 83' lang='lat' dir='ltr'><strong>uni</strong></span> <span class='ocrx_word' id='word_1_265' title='bbox 1593 2412 1729 2472; x_wconf 88' lang='lat' dir='ltr'><strong>Deo</strong></span> <span class='ocrx_word' id='word_1_266' title='bbox 1770 2411 2059 2472; x_wconf 84' lang='lat' dir='ltr'><strong>bonorem</strong></span> <span class='ocrx_word' id='word_1_267' title='bbox 2100 2409 2323 2471; x_wconf 85' lang='lat' dir='ltr'><strong>bomini</strong></span> <span class='ocrx_word' id='word_1_268' title='bbox 2362 2407 2597 2470; x_wconf 77' lang='lat' dir='ltr'><strong>mortali</strong></span> 
     </span>
     <span class='ocr_line' id='line_1_30' title="bbox 335 2485 2597 2571; baseline -0.002 -20"><span class='ocrx_word' id='word_1_269' title='bbox 335 2489 771 2552; x_wconf 75' lang='lat' dir='ltr'><strong>transcriberet.</strong></span> <span class='ocrx_word' id='word_1_270' title='bbox 845 2487 1028 2571; x_wconf 78' lang='lat' dir='ltr'><strong>Atqui</strong></span> <span class='ocrx_word' id='word_1_271' title='bbox 1069 2487 1308 2556; x_wconf 57' lang='lat' dir='ltr'><strong>Petam</strong></span> <span class='ocrx_word' id='word_1_272' title='bbox 1353 2487 1488 2547; x_wconf 90' lang='lat' dir='ltr'><strong>loco</strong></span> <span class='ocrx_word' id='word_1_273' title='bbox 1532 2488 1643 2548; x_wconf 91' lang='lat' dir='ltr'><strong>Dei</strong></span> <span class='ocrx_word' id='word_1_274' title='bbox 1684 2487 1943 2548; x_wconf 87' lang='lat' dir='ltr'><strong>habitum</strong></span> <span class='ocrx_word' id='word_1_275' title='bbox 1994 2487 2166 2547; x_wconf 78' lang='lat' dir='ltr'><strong>fuisse</strong></span> <span class='ocrx_word' id='word_1_276' title='bbox 2208 2508 2241 2546; x_wconf 88' lang='lat' dir='ltr'><strong>a</strong></span> <span class='ocrx_word' id='word_1_277' title='bbox 2282 2485 2597 2562; x_wconf 78' lang='lat' dir='ltr'><strong>Cornelio,</strong></span> 
     </span>
     <span class='ocr_line' id='line_1_31' title="bbox 335 2563 2599 2628; baseline -0.002 -2"><span class='ocrx_word' id='word_1_278' title='bbox 335 2568 574 2628; x_wconf 84' lang='lat' dir='ltr'><strong>minime</strong></span> <span class='ocrx_word' id='word_1_279' title='bbox 613 2565 894 2628; x_wconf 79' lang='lat' dir='ltr'><strong>credibile</strong></span> <span class='ocrx_word' id='word_1_280' title='bbox 925 2575 1038 2626; x_wconf 83' lang='lat' dir='ltr'><strong>est.</strong></span> <span class='ocrx_word' id='word_1_281' title='bbox 1115 2564 1266 2624; x_wconf 86' lang='lat' dir='ltr'><strong>Nam</strong></span> <span class='ocrx_word' id='word_1_282' title='bbox 1317 2565 1366 2624; x_wconf 83' lang='lat' dir='ltr'><strong>si</strong></span> <span class='ocrx_word' id='word_1_283' title='bbox 1404 2564 1521 2625; x_wconf 91' lang='lat' dir='ltr'><strong>Dei</strong></span> <span class='ocrx_word' id='word_1_284' title='bbox 1562 2565 1851 2626; x_wconf 83' lang='lat' dir='ltr'><strong>bonorem</strong></span> <span class='ocrx_word' id='word_1_285' title='bbox 1890 2565 1963 2626; x_wconf 90' lang='lat' dir='ltr'><strong>ad</strong></span> <span class='ocrx_word' id='word_1_286' title='bbox 2002 2563 2299 2624; x_wconf 88' lang='lat' dir='ltr'><strong>bominem</strong></span> <span class='ocrx_word' id='word_1_287' title='bbox 2338 2575 2599 2624; x_wconf 86' lang='lat' dir='ltr'><strong>transtu-</strong></span> 
     </span>
     <span class='ocr_line' id='line_1_32' title="bbox 335 2639 2595 2736; baseline -0.002 -33"><span class='ocrx_word' id='word_1_288' title='bbox 335 2643 426 2717; x_wconf 66' lang='lat' dir='ltr'><strong>lit,</strong></span> <span class='ocrx_word' id='word_1_289' title='bbox 467 2642 567 2704; x_wconf 89' lang='lat' dir='ltr'><strong>ubi</strong></span> <span class='ocrx_word' id='word_1_290' title='bbox 605 2644 704 2704; x_wconf 87' lang='lat' dir='ltr'><strong>illa</strong></span> <span class='ocrx_word' id='word_1_291' title='bbox 747 2644 927 2736; x_wconf 83' lang='lat' dir='ltr'><strong>pietas</strong></span> <span class='ocrx_word' id='word_1_292' title='bbox 969 2649 1030 2702; x_wconf 76' lang='lat' dir='ltr'><strong>e‘t</strong></span> <span class='ocrx_word' id='word_1_293' title='bbox 1067 2641 1300 2724; x_wconf 83' lang='lat' dir='ltr'><strong>religio,</strong></span> <span class='ocrx_word' id='word_1_294' title='bbox 1339 2642 1501 2702; x_wconf 85' lang='lat' dir='ltr'><strong>cuius</strong></span> <span class='ocrx_word' id='word_1_295' title='bbox 1540 2642 1739 2724; x_wconf 83' lang='lat' dir='ltr'><strong>elogio</strong></span> <span class='ocrx_word' id='word_1_296' title='bbox 1782 2661 1973 2722; x_wconf 85' lang='lat' dir='ltr'><strong>nuper</strong></span> <span class='ocrx_word' id='word_1_297' title='bbox 1994 2651 2234 2702; x_wconf 75' lang='lat' dir='ltr'><strong>ornatus</strong></span> <span class='ocrx_word' id='word_1_298' title='bbox 2276 2639 2421 2702; x_wconf 76' lang='lat' dir='ltr'><strong>fuit?</strong></span> <span class='ocrx_word' id='word_1_299' title='bbox 2461 2641 2595 2722; x_wconf 76' lang='lat' dir='ltr'><strong>Ego</strong></span> 
     </span>
     <span class='ocr_line' id='line_1_33' title="bbox 337 2715 2599 2797; baseline -0.001 -17"><span class='ocrx_word' id='word_1_300' title='bbox 337 2722 356 2780; x_wconf 87' lang='lat' dir='ltr'><strong>i</strong></span> <span class='ocrx_word' id='word_1_301' title='bbox 401 2722 517 2782; x_wconf 87' lang='lat' dir='ltr'><strong>itur</strong></span> <span class='ocrx_word' id='word_1_302' title='bbox 553 2721 636 2782; x_wconf 89' lang='lat' dir='ltr'><strong>sic</strong></span> <span class='ocrx_word' id='word_1_303' title='bbox 675 2721 971 2792; x_wconf 71' lang='lat' dir='ltr'><strong>existimo,</strong></span> <span class='ocrx_word' id='word_1_304' title='bbox 1012 2716 1157 2778; x_wconf 88' lang='lat' dir='ltr'><strong>nibil</strong></span> <span class='ocrx_word' id='word_1_305' title='bbox 1191 2718 1386 2778; x_wconf 83' lang='lat' dir='ltr'><strong>minus</strong></span> <span class='ocrx_word' id='word_1_306' title='bbox 1424 2718 1510 2778; x_wconf 89' lang='lat' dir='ltr'><strong>illi</strong></span> <span class='ocrx_word' id='word_1_307' title='bbox 1549 2721 1608 2780; x_wconf 88' lang='lat' dir='ltr'><strong>in</strong></span> <span class='ocrx_word' id='word_1_308' title='bbox 1650 2718 1844 2780; x_wconf 87' lang='lat' dir='ltr'><strong>animo</strong></span> <span class='ocrx_word' id='word_1_309' title='bbox 1888 2719 2109 2791; x_wconf 84' lang='lat' dir='ltr'><strong>fuisse‚&#39;</strong></span> <span class='ocrx_word' id='word_1_310' title='bbox 2172 2739 2300 2776; x_wconf 87' lang='lat' dir='ltr'><strong>uam</strong></span> <span class='ocrx_word' id='word_1_311' title='bbox 2339 2715 2599 2797; x_wconf 82' lang='lat' dir='ltr'><strong>spoliare</strong></span> 
     </span>
     <span class='ocr_line' id='line_1_34' title="bbox 333 2741 2597 2879; baseline -0.002 -21"><span class='ocrx_word' id='word_1_312' title='bbox 333 2741 532 2858; x_wconf 53' lang='lat' dir='ltr'><strong>geum</strong></span> <span class='ocrx_word' id='word_1_313' title='bbox 571 2796 835 2879; x_wconf 85' lang='lat' dir='ltr'><strong>legitimo</strong></span> <span class='ocrx_word' id='word_1_314' title='bbox 877 2795 1060 2870; x_wconf 88' lang='lat' dir='ltr'><strong>cultu,</strong></span> <span class='ocrx_word' id='word_1_315' title='bbox 1101 2804 1168 2854; x_wconf 89' lang='lat' dir='ltr'><strong>ut</strong></span> <span class='ocrx_word' id='word_1_316' title='bbox 1205 2794 1430 2856; x_wconf 85' lang='lat' dir='ltr'><strong>homini</strong></span> <span class='ocrx_word' id='word_1_317' title='bbox 1471 2795 1662 2855; x_wconf 71' lang='lat' dir='ltr'><strong>darete</strong></span> <span class='ocrx_word' id='word_1_318' title='bbox 1702 2795 1803 2856; x_wconf 81' lang='lat' dir='ltr'><strong>sed</strong></span> <span class='ocrx_word' id='word_1_319' title='bbox 1884 2817 2021 2856; x_wconf 88' lang='lat' dir='ltr'><strong>uum</strong></span> <span class='ocrx_word' id='word_1_320' title='bbox 2056 2794 2147 2855; x_wconf 82' lang='lat' dir='ltr'><strong>vel</strong></span> <span class='ocrx_word' id='word_1_321' title='bbox 2175 2804 2234 2853; x_wconf 88' lang='lat' dir='ltr'><strong>et</strong></span> <span class='ocrx_word' id='word_1_322' title='bbox 2254 2793 2597 2874; x_wconf 77' lang='lat' dir='ltr'><strong>Prophetae</strong></span> 
     </span>
     <span class='ocr_line' id='line_1_35' title="bbox 339 2869 2598 3006; baseline -0.003 -70"><span class='ocrx_word' id='word_1_323' title='bbox 339 2874 674 2954; x_wconf 81' lang='lat' dir='ltr'><strong>Christique</strong></span> <span class='ocrx_word' id='word_1_324' title='bbox 705 2871 1006 2966; x_wconf 60' lang='lat' dir='ltr'><strong>Apostolo</strong></span> <span class='ocrx_word' id='word_1_325' title='bbox 1045 2871 1401 3006; x_wconf 55' lang='lat' dir='ltr'><strong>sinfularem</strong></span> <span class='ocrx_word' id='word_1_326' title='bbox 1440 2869 1729 2933; x_wconf 87' lang='lat' dir='ltr'><strong>bonorem</strong></span> <span class='ocrx_word' id='word_1_327' title='bbox 1780 2870 1851 2932; x_wconf 90' lang='lat' dir='ltr'><strong>ba</strong></span> <span class='ocrx_word' id='word_1_328' title='bbox 1898 2893 2029 2947; x_wconf 86' lang='lat' dir='ltr'><strong>ere,</strong></span> <span class='ocrx_word' id='word_1_329' title='bbox 2091 2872 2166 2931; x_wconf 86' lang='lat' dir='ltr'><strong>ad</strong></span> <span class='ocrx_word' id='word_1_330' title='bbox 2214 2869 2598 2931; x_wconf 85' lang='lat' dir='ltr'><strong>immodicum</strong></span> 
     </span>
     <span class='ocr_line' id='line_1_36' title="bbox 337 2947 2599 3030; baseline -0.002 -20"><span class='ocrx_word' id='word_1_331' title='bbox 337 2950 716 3010; x_wconf 81' lang='lat' dir='ltr'><strong>reverentiae‘</strong></span> <span class='ocrx_word' id='word_1_332' title='bbox 741 2969 974 3030; x_wconf 75' lang='lat' dir='ltr'><strong>signum</strong></span> <span class='ocrx_word' id='word_1_333' title='bbox 1022 2947 1132 3028; x_wconf 73' lang='lat' dir='ltr'><strong>pro</strong></span> <span class='ocrx_word' id='word_1_334' title='bbox 1160 2968 1327 3028; x_wconf 85' lang='lat' dir='ltr'><strong>apsus</strong></span> <span class='ocrx_word' id='word_1_335' title='bbox 1379 2959 1469 3008; x_wconf 86' lang='lat' dir='ltr'><strong>est</strong></span> <span class='ocrx_word' id='word_1_336' title='bbox 1508 2961 1685 3029; x_wconf 90' lang='lat' dir='ltr'><strong>atque</strong></span> <span class='ocrx_word' id='word_1_337' title='bbox 1722 2949 1803 3010; x_wconf 87' lang='lat' dir='ltr'><strong>ita</strong></span> <span class='ocrx_word' id='word_1_338' title='bbox 1845 2965 2081 3012; x_wconf 64' lang='lat' dir='ltr'><strong>encessu</strong></span> <span class='ocrx_word' id='word_1_339' title='bbox 2118 2947 2403 3028; x_wconf 80' lang='lat' dir='ltr'><strong>peccavit.</strong></span> <span class='ocrx_word' id='word_1_340' title='bbox 2483 2948 2599 3006; x_wconf 79' lang='lat' dir='ltr'><strong>Vix</strong></span> 
     </span>
     <span class='ocr_line' id='line_1_37' title="bbox 336 3022 2597 3106; baseline -0 -21"><span class='ocrx_word' id='word_1_341' title='bbox 336 3025 494 3086; x_wconf 88' lang='lat' dir='ltr'><strong>enim</strong></span> <span class='ocrx_word' id='word_1_342' title='bbox 531 3025 670 3085; x_wconf 84' lang='lat' dir='ltr'><strong>satis</strong></span> <span class='ocrx_word' id='word_1_343' title='bbox 711 3023 950 3105; x_wconf 79' lang='lat' dir='ltr'><strong>exprimi</strong></span> <span class='ocrx_word' id='word_1_344' title='bbox 985 3022 1188 3084; x_wconf 71' lang='lat' dir='ltr'><strong>verbis</strong></span> <span class='ocrx_word' id='word_1_345' title='bbox 1240 3034 1437 3102; x_wconf 86' lang='lat' dir='ltr'><strong>potest</strong></span> <span class='ocrx_word' id='word_1_346' title='bbox 1516 3047 1644 3085; x_wconf 89' lang='lat' dir='ltr'><strong>uam</strong></span> <span class='ocrx_word' id='word_1_347' title='bbox 1684 3025 1959 3106; x_wconf 84' lang='lat' dir='ltr'><strong>proclivis</strong></span> <span class='ocrx_word' id='word_1_348' title='bbox 1998 3025 2073 3086; x_wconf 83' lang='lat' dir='ltr'><strong>sit</strong></span> <span class='ocrx_word' id='word_1_349' title='bbox 2110 3023 2183 3084; x_wconf 82' lang='lat' dir='ltr'><strong>ad</strong></span> <span class='ocrx_word' id='word_1_350' title='bbox 2221 3023 2597 3104; x_wconf 83' lang='lat' dir='ltr'><strong>superstitio-</strong></span> 
     </span>
     <span class='ocr_line' id='line_1_38' title="bbox 333 3097 2597 3182; baseline -0.001 -20"><span class='ocrx_word' id='word_1_351' title='bbox 333 3121 472 3162; x_wconf 82' lang='lat' dir='ltr'><strong>nem</strong></span> <span class='ocrx_word' id='word_1_352' title='bbox 511 3100 725 3182; x_wconf 82' lang='lat' dir='ltr'><strong>lapsus,</strong></span> <span class='ocrx_word' id='word_1_353' title='bbox 765 3101 868 3165; x_wconf 77' lang='lat' dir='ltr'><strong>ubi</strong></span> <span class='ocrx_word' id='word_1_354' title='bbox 910 3099 1174 3160; x_wconf 74' lang='lat' dir='ltr'><strong>desertor</strong></span> <span class='ocrx_word' id='word_1_355' title='bbox 1211 3097 1413 3159; x_wconf 87' lang='lat' dir='ltr'><strong>bonor</strong></span> <span class='ocrx_word' id='word_1_356' title='bbox 1434 3099 1485 3160; x_wconf 90' lang='lat' dir='ltr'>C</span> <span class='ocrx_word' id='word_1_357' title='bbox 1530 3100 1652 3161; x_wconf 85' lang='lat' dir='ltr'><strong>risti</strong></span> <span class='ocrx_word' id='word_1_358' title='bbox 1688 3101 1989 3176; x_wconf 77' lang='lat' dir='ltr'><strong>ministris,</strong></span> <span class='ocrx_word' id='word_1_359' title='bbox 2028 3101 2131 3180; x_wconf 82' lang='lat' dir='ltr'><strong>qui</strong></span> <span class='ocrx_word' id='word_1_360' title='bbox 2166 3101 2259 3162; x_wconf 82' lang='lat' dir='ltr'><strong>vel</strong></span> <span class='ocrx_word' id='word_1_361' title='bbox 2298 3101 2597 3162; x_wconf 74' lang='lat' dir='ltr'><strong>minimam</strong></span> 
     </span>
     <span class='ocr_line' id='line_1_39' title="bbox 334 3175 2599 3259; baseline 0.001 -23"><span class='ocrx_word' id='word_1_362' title='bbox 334 3176 518 3244; x_wconf 84' lang='lat' dir='ltr'><strong>divini</strong></span> <span class='ocrx_word' id='word_1_363' title='bbox 557 3176 744 3238; x_wconf 87' lang='lat' dir='ltr'><strong>cultus</strong></span> <span class='ocrx_word' id='word_1_364' title='bbox 783 3176 1039 3258; x_wconf 88' lang='lat' dir='ltr'><strong>speciem</strong></span> <span class='ocrx_word' id='word_1_365' title='bbox 1081 3195 1220 3257; x_wconf 86' lang='lat' dir='ltr'><strong>prae</strong></span> <span class='ocrx_word' id='word_1_366' title='bbox 1257 3194 1322 3235; x_wconf 84' lang='lat' dir='ltr'><strong>se</strong></span> <span class='ocrx_word' id='word_1_367' title='bbox 1361 3175 1527 3235; x_wconf 83' lang='lat' dir='ltr'><strong>ferat.</strong></span> <span class='ocrx_word' id='word_1_368' title='bbox 1613 3176 1765 3238; x_wconf 87' lang='lat' dir='ltr'><strong>Nam</strong></span> <span class='ocrx_word' id='word_1_369' title='bbox 1804 3197 1924 3259; x_wconf 87' lang='lat' dir='ltr'><strong>quo</strong></span> <span class='ocrx_word' id='word_1_370' title='bbox 1966 3179 2203 3238; x_wconf 87' lang='lat' dir='ltr'><strong>minime</strong></span> <span class='ocrx_word' id='word_1_371' title='bbox 2242 3177 2599 3256; x_wconf 69' lang='lat' dir='ltr'><strong>putavimus,</strong></span> 
     </span>
     <span class='ocr_line' id='line_1_40' title="bbox 335 3251 2597 3336; baseline -0.001 -22"><span class='ocrx_word' id='word_1_372' title='bbox 335 3252 504 3315; x_wconf 83' lang='lat' dir='ltr'><strong>facile</strong></span> <span class='ocrx_word' id='word_1_373' title='bbox 545 3251 872 3314; x_wconf 84' lang='lat' dir='ltr'><strong>delabimur</strong></span> <span class='ocrx_word' id='word_1_374' title='bbox 910 3273 1016 3334; x_wconf 90' lang='lat' dir='ltr'><strong>per</strong></span> <span class='ocrx_word' id='word_1_375' title='bbox 1057 3251 1533 3334; x_wconf 84' lang='lat' dir='ltr'><strong>imprudentiam.</strong></span> <span class='ocrx_word' id='word_1_376' title='bbox 1606 3251 1678 3313; x_wconf 88' lang='lat' dir='ltr'><strong>In</strong></span> <span class='ocrx_word' id='word_1_377' title='bbox 1712 3275 1853 3336; x_wconf 84' lang='lat' dir='ltr'><strong>rege</strong></span> <span class='ocrx_word' id='word_1_378' title='bbox 1888 3255 1981 3316; x_wconf 86' lang='lat' dir='ltr'><strong>vel</strong></span> <span class='ocrx_word' id='word_1_379' title='bbox 2022 3253 2189 3315; x_wconf 84' lang='lat' dir='ltr'><strong>buius</strong></span> <span class='ocrx_word' id='word_1_380' title='bbox 2228 3253 2431 3314; x_wconf 86' lang='lat' dir='ltr'><strong>mundi</strong></span> <span class='ocrx_word' id='word_1_381' title='bbox 2470 3253 2597 3334; x_wconf 84' lang='lat' dir='ltr'><strong>pri-</strong></span> 
     </span>
     <span class='ocr_line' id='line_1_41' title="bbox 329 3327 2599 3414; baseline -0.002 -18"><span class='ocrx_word' id='word_1_382' title='bbox 329 3331 596 3396; x_wconf 74' lang='lat' dir='ltr'><strong>moribus</strong></span> <span class='ocrx_word' id='word_1_383' title='bbox 645 3335 834 3390; x_wconf 85' lang='lat' dir='ltr'><strong>minus</strong></span> <span class='ocrx_word' id='word_1_384' title='bbox 893 3339 1046 3390; x_wconf 87' lang='lat' dir='ltr'><strong>esset</strong></span> <span class='ocrx_word' id='word_1_385' title='bbox 1091 3327 1354 3410; x_wconf 86' lang='lat' dir='ltr'><strong>periculi.</strong></span> <span class='ocrx_word' id='word_1_386' title='bbox 1441 3329 1590 3391; x_wconf 88' lang='lat' dir='ltr'><strong>Nam</strong></span> <span class='ocrx_word' id='word_1_387' title='bbox 1642 3331 1743 3410; x_wconf 88' lang='lat' dir='ltr'><strong>qui</strong></span> <span class='ocrx_word' id='word_1_388' title='bbox 1802 3352 2003 3414; x_wconf 79' lang='lat' dir='ltr'><strong>regem</strong></span> <span class='ocrx_word' id='word_1_389' title='bbox 2060 3329 2305 3411; x_wconf 81' lang='lat' dir='ltr'><strong>supplex</strong></span> <span class='ocrx_word' id='word_1_390' title='bbox 2365 3330 2599 3404; x_wconf 77' lang='lat' dir='ltr'><strong>adorat,</strong></span> 
     </span>
     <span class='ocr_line' id='line_1_42' title="bbox 331 3404 2599 3471; baseline 0 -3"><span class='ocrx_word' id='word_1_391' title='bbox 331 3427 460 3468; x_wconf 79' lang='lat' dir='ltr'><strong>sese</strong></span> <span class='ocrx_word' id='word_1_392' title='bbox 511 3408 661 3468; x_wconf 88' lang='lat' dir='ltr'><strong>intra</strong></span> <span class='ocrx_word' id='word_1_393' title='bbox 717 3406 900 3468; x_wconf 82' lang='lat' dir='ltr'><strong>civilis</strong></span> <span class='ocrx_word' id='word_1_394' title='bbox 950 3417 1009 3467; x_wconf 84' lang='lat' dir='ltr'><strong>et</strong></span> <span class='ocrx_word' id='word_1_395' title='bbox 1050 3406 1282 3471; x_wconf 73' lang='lat' dir='ltr'><strong>‚terreni</strong></span> <span class='ocrx_word' id='word_1_396' title='bbox 1333 3405 1577 3466; x_wconf 82' lang='lat' dir='ltr'><strong>honoris</strong></span> <span class='ocrx_word' id='word_1_397' title='bbox 1624 3407 1864 3468; x_wconf 87' lang='lat' dir='ltr'><strong>modum</strong></span> <span class='ocrx_word' id='word_1_398' title='bbox 1904 3409 2198 3470; x_wconf 80' lang='lat' dir='ltr'><strong>continet:</strong></span> <span class='ocrx_word' id='word_1_399' title='bbox 2262 3404 2324 3466; x_wconf 92' lang='lat' dir='ltr'><strong>in</strong></span> <span class='ocrx_word' id='word_1_400' title='bbox 2368 3405 2599 3468; x_wconf 77' lang='lat' dir='ltr'><strong>Christi</strong></span> 
     </span>
     <span class='ocr_line' id='line_1_43' title="bbox 331 3482 2599 3564; baseline -0.001 -18"><span class='ocrx_word' id='word_1_401' title='bbox 331 3483 611 3546; x_wconf 78' lang='lat' dir='ltr'><strong>ministris</strong></span> <span class='ocrx_word' id='word_1_402' title='bbox 649 3483 873 3546; x_wconf 76' lang='lat' dir='ltr'><strong>diversa</strong></span> <span class='ocrx_word' id='word_1_403' title='bbox 915 3495 1006 3546; x_wconf 67' lang='lat' dir='ltr'><strong>est</strong></span> <span class='ocrx_word' id='word_1_404' title='bbox 1042 3483 1212 3544; x_wconf 90' lang='lat' dir='ltr'><strong>ratio.</strong></span> <span class='ocrx_word' id='word_1_405' title='bbox 1291 3482 1601 3564; x_wconf 85' lang='lat' dir='ltr'><strong>Siquidem</strong></span> <span class='ocrx_word' id='word_1_406' title='bbox 1636 3495 1705 3545; x_wconf 80' lang='lat' dir='ltr'><strong>ut</strong></span> <span class='ocrx_word' id='word_1_407' title='bbox 1732 3493 1767 3545; x_wconf 83' lang='lat' dir='ltr'><strong>‘s</strong></span> <span class='ocrx_word' id='word_1_408' title='bbox 1810 3485 2043 3547; x_wconf 85' lang='lat' dir='ltr'><strong>irituale</strong></span> <span class='ocrx_word' id='word_1_409' title='bbox 2081 3495 2172 3545; x_wconf 86' lang='lat' dir='ltr'><strong>est</strong></span> <span class='ocrx_word' id='word_1_410' title='bbox 2208 3503 2419 3544; x_wconf 86' lang='lat' dir='ltr'><strong>eorum</strong></span> <span class='ocrx_word' id='word_1_411' title='bbox 2456 3483 2599 3545; x_wconf 83' lang='lat' dir='ltr'><strong>offi-</strong></span> 
     </span>
     <span class='ocr_line' id='line_1_44' title="bbox 333 3505 2596 3641; baseline -0 -20"><span class='ocrx_word' id='word_1_412' title='bbox 333 3562 520 3635; x_wconf 88' lang='lat' dir='ltr'><strong>cium,</strong></span> <span class='ocrx_word' id='word_1_413' title='bbox 569 3560 650 3620; x_wconf 88' lang='lat' dir='ltr'><strong>ita</strong></span> <span class='ocrx_word' id='word_1_414' title='bbox 687 3561 736 3621; x_wconf 83' lang='lat' dir='ltr'><strong>si</strong></span> <span class='ocrx_word' id='word_1_415' title='bbox 775 3563 904 3641; x_wconf 85' lang='lat' dir='ltr'><strong>quis</strong></span> <span class='ocrx_word' id='word_1_416' title='bbox 943 3557 1014 3620; x_wconf 87' lang='lat' dir='ltr'><strong>ad</strong></span> <span class='ocrx_word' id='word_1_417' title='bbox 1055 3581 1261 3621; x_wconf 85' lang='lat' dir='ltr'><strong>eorum</strong></span> <span class='ocrx_word' id='word_1_418' title='bbox 1345 3562 1482 3621; x_wconf 90' lang='lat' dir='ltr'><strong>edes</strong></span> <span class='ocrx_word' id='word_1_419' title='bbox 1562 3505 1873 3626; x_wconf 65' lang='lat' dir='ltr'><strong>roetimbat</strong></span> <span class='ocrx_word' id='word_1_420' title='bbox 1908 3561 2193 3630; x_wconf 81' lang='lat' dir='ltr'><strong>adorandi</strong></span> <span class='ocrx_word' id='word_1_421' title='bbox 2230 3581 2433 3634; x_wconf 85' lang='lat' dir='ltr'><strong>causa,</strong></span> <span class='ocrx_word' id='word_1_422' title='bbox 2500 3559 2596 3621; x_wconf 89' lang='lat' dir='ltr'><strong>bic</strong></span> 
     </span>
    </p>
   </div>
   <div class='ocr_carea' id='block_1_6' title="bbox 333 3632 2595 3717">
    <p class='ocr_par' dir='ltr' id='par_1_6' title="bbox 333 3632 2595 3717">
     <span class='ocr_line' id='line_1_45' title="bbox 333 3632 2595 3717; baseline -0.001 -19"><span class='ocrx_word' id='word_1_423' title='bbox 333 3636 532 3698; x_wconf 88' lang='lat' dir='ltr'><strong>bonor</strong></span> <span class='ocrx_word' id='word_1_424' title='bbox 568 3637 868 3716; x_wconf 76' lang='lat' dir='ltr'><strong>spirituale</strong></span> <span class='ocrx_word' id='word_1_425' title='bbox 906 3637 1180 3717; x_wconf 86' lang='lat' dir='ltr'><strong>quiddam</strong></span> <span class='ocrx_word' id='word_1_426' title='bbox 1221 3637 1293 3698; x_wconf 86' lang='lat' dir='ltr'><strong>ba</strong></span> <span class='ocrx_word' id='word_1_427' title='bbox 1341 3649 1421 3698; x_wconf 88' lang='lat' dir='ltr'><strong>et.</strong></span> <span class='ocrx_word' id='word_1_428' title='bbox 1566 3632 1794 3700; x_wconf 71' lang='lat' dir='ltr'><strong>ene&#39;nda</strong></span> <span class='ocrx_word' id='word_1_429' title='bbox 1833 3640 1989 3699; x_wconf 89' lang='lat' dir='ltr'><strong>enim</strong></span> <span class='ocrx_word' id='word_1_430' title='bbox 2030 3650 2119 3700; x_wconf 86' lang='lat' dir='ltr'><strong>est</strong></span> <span class='ocrx_word' id='word_1_431' title='bbox 2158 3637 2457 3699; x_wconf 82' lang='lat' dir='ltr'><strong>distinctio</strong></span> <span class='ocrx_word' id='word_1_432' title='bbox 2500 3634 2595 3696; x_wconf 86' lang='lat' dir='ltr'><strong>in-</strong></span> 
     </span>
    </p>
   </div>
   <div class='ocr_carea' id='block_1_7' title="bbox 333 3713 2647 3795">
    <p class='ocr_par' dir='ltr' id='par_1_7' title="bbox 333 3713 2647 3795">
     <span class='ocr_line' id='line_1_46' title="bbox 333 3713 2647 3795; baseline -0.001 -19"><span class='ocrx_word' id='word_1_433' title='bbox 333 3725 428 3782; x_wconf 74' lang='lat' dir='ltr'><strong>ter</strong></span> <span class='ocrx_word' id='word_1_434' title='bbox 449 3713 676 3774; x_wconf 81' lang='lat' dir='ltr'><strong>civilem</strong></span> <span class='ocrx_word' id='word_1_435' title='bbox 699 3713 1125 3788; x_wconf 86' lang='lat' dir='ltr'><strong>adorationem,</strong></span> <span class='ocrx_word' id='word_1_436' title='bbox 1162 3735 1278 3794; x_wconf 85' lang='lat' dir='ltr'><strong>qua</strong></span> <span class='ocrx_word' id='word_1_437' title='bbox 1315 3715 1476 3789; x_wconf 64' lang='lat' dir='ltr'><strong>inger</strong></span> <span class='ocrx_word' id='word_1_438' title='bbox 1510 3735 1576 3776; x_wconf 83' lang='lat' dir='ltr'><strong>se</strong></span> <span class='ocrx_word' id='word_1_439' title='bbox 1616 3714 1883 3774; x_wconf 87' lang='lat' dir='ltr'><strong>homines</strong></span> <span class='ocrx_word' id='word_1_440' title='bbox 1922 3725 2169 3775; x_wconf 82' lang='lat' dir='ltr'><strong>utuntur</strong></span> <span class='ocrx_word' id='word_1_441' title='bbox 2206 3735 2318 3795; x_wconf 61' lang='grc' dir='ltr'><strong>φφ</strong></span> <span class='ocrx_word' id='word_1_442' title='bbox 2360 3713 2597 3774; x_wconf 82' lang='lat' dir='ltr'><strong>ratione</strong></span> <span class='ocrx_word' id='word_1_443' title='bbox 2639 3757 2647 3762; x_wconf 91' lang='lat'>-</span> 
     </span>
    </p>
   </div>
   <div class='ocr_carea' id='block_1_8' title="bbox 331 3781 2599 4412">
    <p class='ocr_par' dir='ltr' id='par_1_8' title="bbox 331 3781 2599 4412">
     <span class='ocr_line' id='line_1_47' title="bbox 332 3781 2595 3881; baseline 0.001 -31"><span class='ocrx_word' id='word_1_444' title='bbox 332 3789 561 3872; x_wconf 84' lang='lat' dir='ltr'><strong>politici</strong></span> <span class='ocrx_word' id='word_1_445' title='bbox 601 3789 846 3863; x_wconf 82' lang='lat' dir='ltr'><strong>ordinis,</strong></span> <span class='ocrx_word' id='word_1_446' title='bbox 887 3801 948 3850; x_wconf 88' lang='lat' dir='ltr'><strong>et</strong></span> <span class='ocrx_word' id='word_1_447' title='bbox 986 3812 1112 3881; x_wconf 73' lang='lat' dir='ltr'><strong>eam</strong></span> <span class='ocrx_word' id='word_1_448' title='bbox 1155 3791 1248 3850; x_wconf 88' lang='lat' dir='ltr'><strong>cui</strong></span> <span class='ocrx_word' id='word_1_449' title='bbox 1285 3789 1489 3858; x_wconf 73' lang='lat' dir='ltr'><strong>subest</strong></span> <span class='ocrx_word' id='word_1_450' title='bbox 1520 3781 1770 3871; x_wconf 68' lang='lat' dir='ltr'><strong>religio,</strong></span> <span class='ocrx_word' id='word_1_451' title='bbox 1806 3791 1900 3850; x_wconf 83' lang='lat' dir='ltr'><strong>vel</strong></span> <span class='ocrx_word' id='word_1_452' title='bbox 1982 3811 2091 3852; x_wconf 87' lang='lat' dir='ltr'><strong>uae</strong></span> <span class='ocrx_word' id='word_1_453' title='bbox 2130 3790 2357 3852; x_wconf 90' lang='lat' dir='ltr'><strong>directe</strong></span> <span class='ocrx_word' id='word_1_454' title='bbox 2397 3791 2595 3852; x_wconf 82' lang='lat' dir='ltr'><strong>bono-</strong></span> 
     </span>
     <span class='ocr_line' id='line_1_48' title="bbox 331 3813 2596 3950; baseline -0 -21"><span class='ocrx_word' id='word_1_455' title='bbox 331 3889 458 3930; x_wconf 80' lang='lat' dir='ltr'><strong>rem</strong></span> <span class='ocrx_word' id='word_1_456' title='bbox 497 3867 618 3934; x_wconf 89' lang='lat' dir='ltr'><strong>Dei</strong></span> <span class='ocrx_word' id='word_1_457' title='bbox 657 3867 924 3948; x_wconf 83' lang='lat' dir='ltr'><strong>respicit,</strong></span> <span class='ocrx_word' id='word_1_458' title='bbox 971 3867 1242 3940; x_wconf 72' lang='lat' dir='ltr'><strong>sicuti,et</strong></span> <span class='ocrx_word' id='word_1_459' title='bbox 1279 3867 1435 3928; x_wconf 91' lang='lat' dir='ltr'><strong>inter</strong></span> <span class='ocrx_word' id='word_1_460' title='bbox 1468 3865 1665 3950; x_wconf 80' lang='lat' dir='ltr'><strong>leges,</strong></span> <span class='ocrx_word' id='word_1_461' title='bbox 1702 3887 1851 3948; x_wconf 84' lang='lat' dir='ltr'><strong>quae</strong></span> <span class='ocrx_word' id='word_1_462' title='bbox 1890 3813 1981 3928; x_wconf 47' lang='lat' dir='ltr'><strong>vil</strong></span> <span class='ocrx_word' id='word_1_463' title='bbox 2020 3865 2093 3928; x_wconf 81' lang='lat' dir='ltr'><strong>ad</strong></span> <span class='ocrx_word' id='word_1_464' title='bbox 2132 3865 2461 3948; x_wconf 81' lang='lat' dir='ltr'><strong>temporale</strong></span> <span class='ocrx_word' id='word_1_465' title='bbox 2500 3887 2596 3928; x_wconf 88' lang='lat' dir='ltr'><strong>re-</strong></span> 
     </span>
     <span class='ocr_line' id='line_1_49' title="bbox 333 3942 2597 4040; baseline 0 -36"><span class='ocrx_word' id='word_1_466' title='bbox 333 3945 530 4040; x_wconf 71' lang='lat' dir='ltr'><strong>gimen</strong></span> <span class='ocrx_word' id='word_1_467' title='bbox 571 3945 861 4018; x_wconf 80' lang='lat' dir='ltr'><strong>feruntur,</strong></span> <span class='ocrx_word' id='word_1_468' title='bbox 899 3942 992 4005; x_wconf 82' lang='lat' dir='ltr'><strong>vel</strong></span> <span class='ocrx_word' id='word_1_469' title='bbox 1019 3945 1404 4006; x_wconf 79' lang='lat' dir='ltr'><strong>conscientias</strong></span> <span class='ocrx_word' id='word_1_470' title='bbox 1428 3945 1823 4028; x_wconf 72' lang='lat' dir='ltr'><strong>obstringunt.</strong></span> <span class='ocrx_word' id='word_1_471' title='bbox 1902 3943 2091 4006; x_wconf 87' lang='lat' dir='ltr'><strong>Nimis</strong></span> <span class='ocrx_word' id='word_1_472' title='bbox 2114 3946 2273 4005; x_wconf 89' lang='lat' dir='ltr'><strong>enim</strong></span> <span class='ocrx_word' id='word_1_473' title='bbox 2314 3943 2597 4006; x_wconf 79' lang='lat' dir='ltr'><strong>falluntur</strong></span> 
     </span>
     <span class='ocr_line' id='line_1_50' title="bbox 331 4019 2597 4163; baseline -0.001 -81"><span class='ocrx_word' id='word_1_474' title='bbox 331 4021 522 4159; x_wconf 55' lang='lat' dir='ltr'><strong>miti</strong></span> <span class='ocrx_word' id='word_1_475' title='bbox 547 4022 796 4158; x_wconf 52' lang='lat' dir='ltr'><strong>quidarg</strong></span> <span class='ocrx_word' id='word_1_476' title='bbox 819 4020 1757 4159; x_wconf 37' lang='lat' dir='ltr'><strong>lzomznzssuguzge‘nugerhozem</strong></span> <span class='ocrx_word' id='word_1_477' title='bbox 1782 4019 1875 4163; x_wconf 59' lang='grc' dir='ltr'><strong>Ιέἰο</strong></span> <span class='ocrx_word' id='word_1_478' title='bbox 1918 4041 2031 4158; x_wconf 49' lang='lat' dir='ltr'><strong>pez</strong></span> <span class='ocrx_word' id='word_1_479' title='bbox 2058 4041 2134 4157; x_wconf 40' lang='lat'><strong>⁸3·</strong></span> <span class='ocrx_word' id='word_1_480' title='bbox 2157 4031 2219 4113; x_wconf 67' lang='lat' dir='ltr'><strong>qt</strong></span> <span class='ocrx_word' id='word_1_481' title='bbox 2254 4021 2597 4158; x_wconf 53' lang='grc' dir='ltr'><strong>εέωρΙίξίιξοε</strong></span> 
     </span>
     <span class='ocr_line' id='line_1_51' title="bbox 865 4120 2225 4156; baseline -0.001 0"><span class='ocrx_word' id='word_1_482' title='bbox 865 4142 880 4156; x_wconf 76' lang='grc'><strong>.</strong></span> <span class='ocrx_word' id='word_1_483' title='bbox 1385 4121 1442 4156; x_wconf 79' lang='lat' dir='ltr'><strong>ln</strong></span> <span class='ocrx_word' id='word_1_484' title='bbox 2210 4120 2225 4155; x_wconf 77' lang='lat'>2</span> 
     </span>
     <span class='ocr_line' id='line_1_52' title="bbox 333 4118 2599 4257; baseline -0.001 -21"><span class='ocrx_word' id='word_1_485' title='bbox 333 4120 941 4236; x_wconf 48' lang='lat' dir='ltr'><strong>nonaginocldlisulem‘</strong></span> <span class='ocrx_word' id='word_1_486' title='bbox 965 4173 1064 4235; x_wconf 88' lang='lat' dir='ltr'><strong>hic</strong></span> <span class='ocrx_word' id='word_1_487' title='bbox 1101 4195 1270 4234; x_wconf 80' lang='lat' dir='ltr'><strong>suum</strong></span> <span class='ocrx_word' id='word_1_488' title='bbox 1281 4119 1402 4234; x_wconf 66' lang='lat' dir='ltr'><strong>¹1viel</strong></span> <span class='ocrx_word' id='word_1_489' title='bbox 1438 4118 2315 4257; x_wconf 43' lang='lat' dir='ltr'><strong>Impeliatoisemqggliticbnritu</strong></span> <span class='ocrx_word' id='word_1_490' title='bbox 2334 4119 2599 4248; x_wconf 48' lang='lat' dir='ltr'><strong>osranluuutt</strong></span> 
     </span>
     <span class='ocr_line' id='line_1_53' title="bbox 332 4249 2597 4341; baseline 0 -31"><span class='ocrx_word' id='word_1_491' title='bbox 332 4250 436 4310; x_wconf 83' lang='lat' dir='ltr'><strong>sed</strong></span> <span class='ocrx_word' id='word_1_492' title='bbox 477 4251 550 4310; x_wconf 88' lang='lat' dir='ltr'><strong>ad</strong></span> <span class='ocrx_word' id='word_1_493' title='bbox 588 4252 752 4312; x_wconf 87' lang='lat' dir='ltr'><strong>Petri</strong></span> <span class='ocrx_word' id='word_1_494' title='bbox 792 4273 936 4313; x_wconf 82' lang='lat' dir='ltr'><strong>cons</strong></span> <span class='ocrx_word' id='word_1_495' title='bbox 979 4264 1172 4312; x_wconf 88' lang='lat' dir='ltr'><strong>ectum</strong></span> <span class='ocrx_word' id='word_1_496' title='bbox 1211 4249 1599 4311; x_wconf 86' lang='lat' dir='ltr'><strong>admiratione</strong></span> <span class='ocrx_word' id='word_1_497' title='bbox 1648 4251 1949 4334; x_wconf 78' lang='lat' dir='ltr'><strong>perculsus</strong></span> <span class='ocrx_word' id='word_1_498' title='bbox 1986 4264 2085 4312; x_wconf 87' lang='lat' dir='ltr'><strong>tan</strong></span> <span class='ocrx_word' id='word_1_499' title='bbox 2134 4273 2263 4310; x_wconf 84' lang='lat' dir='ltr'><strong>uam</strong></span> <span class='ocrx_word' id='word_1_500' title='bbox 2303 4251 2597 4341; x_wconf 77' lang='lat' dir='ltr'><strong>praesenti</strong></span> 
     </span>
     <span class='ocr_line' id='line_1_54' title="bbox 335 4273 2597 4412; baseline -0 -22"><span class='ocrx_word' id='word_1_501' title='bbox 335 4323 474 4396; x_wconf 72' lang='lat' dir='ltr'><strong>Deo</strong></span> <span class='ocrx_word' id='word_1_502' title='bbox 521 4325 814 4394; x_wconf 83' lang='lat' dir='ltr'><strong>honorem</strong></span> <span class='ocrx_word' id='word_1_503' title='bbox 867 4273 1076 4398; x_wconf 57' lang='lat' dir='ltr'><strong>defert.</strong></span> <span class='ocrx_word' id='word_1_504' title='bbox 1117 4355 1126 4364; x_wconf 94' lang='lat'><strong>·</strong></span> <span class='ocrx_word' id='word_1_505' title='bbox 1174 4328 1266 4392; x_wconf 84' lang='lat' dir='ltr'><strong>Ita</strong></span> <span class='ocrx_word' id='word_1_506' title='bbox 1303 4329 1468 4410; x_wconf 72' lang='lat' dir='ltr'><strong>quasi</strong></span> <span class='ocrx_word' id='word_1_507' title='bbox 1513 4327 1605 4392; x_wconf 82' lang='lat' dir='ltr'><strong>sui</strong></span> <span class='ocrx_word' id='word_1_508' title='bbox 1651 4326 1871 4392; x_wconf 79' lang='lat' dir='ltr'><strong>oblitus</strong></span> <span class='ocrx_word' id='word_1_509' title='bbox 1922 4325 2050 4412; x_wconf 82' lang='lat' dir='ltr'><strong>plus</strong></span> <span class='ocrx_word' id='word_1_510' title='bbox 2139 4327 2323 4390; x_wconf 70' lang='lat' dir='ltr'><strong>omini</strong></span> <span class='ocrx_word' id='word_1_511' title='bbox 2384 4326 2597 4390; x_wconf 77' lang='lat' dir='ltr'><strong>tribuit</strong></span> 
     </span>
    </p>
   </div>
  </div>
 </body>
</html>
