2788 4713
365 251 490 316 m
539 242 546 252 ’
1162 242 1251 315 IN
1287 242 1517 308 ACTA
1553 241 1845 307 APOST.

371 392 507 457 scit.
579 388 844 453 Proinde
881 386 1083 451 fideles
1119 388 1315 467 Deus,
1352 390 1487 471 quia
1566 388 1621 451 ie
1653 400 1720 465 ‚et
1756 388 1910 449 iuste
1944 386 2181 464 vivunt,
2214 398 2489 469 acceptos
2524 384 2643 449 ba-

373 469 498 531 bet.
580 468 709 529 Nec
754 488 899 535 vero
949 484 1258 557 negamus,
1309 478 1473 549 grata
1508 410 1641 528 geo
1684 484 1807 527 esse
1846 464 2003 525 bona
2042 476 2375 525 sanctorum
2416 484 2642 544 opera:

370 546 476 609 sed
517 542 611 605 bic
662 545 816 604 aliud
865 552 1197 634 quaeritur,
1243 543 1657 624 praeveniatne
1696 542 1877 602 bomo
1914 542 2031 602 Dei
2068 541 2315 623 gratiam
2352 541 2467 601 suis
2506 560 2645 601 me-

374 623 502 684 ritis
539 641 722 700 seque
759 622 818 680 in
860 640 984 679 ems
1023 640 1281 679 amorem
1319 620 1603 691 insinuet,
1643 638 1717 678 an
1753 638 1930 692 vero,
1980 640 2159 699 quum
2211 615 2351 677 odio
2404 628 2643 677 tantum

375 700 587 783 dignus
638 696 746 771 sit,
795 696 970 779 gratis
1021 696 1189 757 initio
1241 708 1302 755 et
1347 695 1474 754 sine
1522 716 1559 753 o
1606 714 1768 755 erum
1809 706 2079 774 respectu
2118 705 2361 753 ametur.
2436 694 2639 755 Porro

375 796 556 857 quum
594 770 776 833 bomo
813 792 923 833 suo
951 774 1020 858 =iu
1069 773 1203 845 cnio
1243 770 1476 852 relictus
1514 772 1573 831 ni
1618 770 1656 831 il
1698 792 1871 851 quam
1912 771 2032 831 odii
2070 770 2369 831 materiam
2412 770 2641 831 afferre

372 852 580 935 possit,
616 850 792 931 gratis
833 870 968 909 eum
1007 791 1167 930 «fingi
1205 844 1442 907 necesse
1478 859 1591 907 est:
1632 847 1789 907 unde
1822 847 2104 927 sequitur,
2142 846 2338 906 Deum
2376 845 2491 906 sibi
2526 847 2641 938 ipsi

375 948 603 989 causam
645 945 800 999 esse,
849 926 1006 1004 quod
1048 946 1156 984 nos
1195 924 1435 1005 diligat,
1490 944 1709 1005 suaque
1759 923 2189 993 misericordia,
2237 944 2360 982 non
2409 923 2641 983 meritis

372 1002 955 1158 31t⁸ff.t’‘83253‚2²·
981 999 1262 1137 ..13²2ss
1304 997 2643 1157 '132’2532‘151mn23’fifiitgz‘sssssssszl‘afftssffiz

371 1177 532 1232 uem,
571 1176 694 1227 nou
733 1167 929 1213 tamen
969 1152 1030 1213 id
1107 1152 1194 1211 eri
1235 1172 1483 1233 operum
1520 1154 1753 1213 merito.
1822 1152 2134 1232 Nunquam
2174 1154 2329 1211 enim
2368 1163 2491 1211 tam
2532 1173 2641 1212 ex·

373 1246 504 1295 acta
544 1244 635 1292 est
671 1253 708 1291 o
755 1250 915 1291 erum
954 1228 1288 1301 mundities,
1327 1240 1394 1288 ut
1428 1230 1556 1289 sine
1593 1230 1760 1314 venia
1794 1229 1930 1289 Deo
1970 1227 2257 1309 placeant,
2294 1228 2413 1288 imo
2449 1250 2643 1308 quum

373 1326 607 1390 semper
635 1250 890 1367 babeant
916 1305 1046 1365 vitii
1081 1304 1296 1385 aliquid
1327 1306 1662 1377 admixtum,
1696 1306 1868 1387 digna
1907 1317 2045 1367 sunt
2074 1324 2223 1386 quae
2264 1316 2641 1395 respuantur.

371 1386 534 1467 Ergo
573 1384 832 1465 pretium⁴
867 1381 1144 1463 operibus
1184 1382 1419 1442 minime
1460 1383 1662 1443 statuit
1700 1382 1940 1463 propria
1980 1402 2185 1443 eorum
2216 1381 2487 1463 dignitas,
2524 1382 2643 1441 sed

371 1462 535 1534 fides,
576 1480 724 1541 quae
763 1479 796 1519 a
829 1458 1067 1521 Christo
1105 1469 1406 1519 mutuatur
1442 1459 1498 1519 id
1540 1458 1699 1539 quod
1737 1457 2013 1538 operibus
2053 1458 2233 1519 deest.

523 1542 620 1601 36.
690 1535 789 1594 De
821 1556 910 1611 re,
949 1556 1125 1615 quam
1159 1534 1529 1603 mssufim.
1602 1535 1903 1610 Quoniam
1938 1534 2219 1615 abruptus
2260 1545 2347 1595 est
2386 1553 2641 1616 graecus

371 1623 710 1686 contextus,
759 1612 994 1703 quidam
1043 1614 1428 1672 accusativum
1478 1632 1589 1693 pro
1640 1612 1981 1672 nominandi
2030 1632 2163 1671 casu
2202 1612 2455 1691 positum
2506 1632 2644 1671 esse

415 1700 597 1760 nutant,
637 1700 704 1748 ut
738 1702 812 1749 sit
847 1710 1070 1759 sensus,
1119 1688 1234 1747 Hic
1271 1708 1466 1749 sermo
1508 1699 1614 1761 est,
1655 1708 1829 1768 quem
1869 1687 2023 1747 misit
2056 1687 2220 1747 Deus
2257 1685 2389 1747 filiis
2426 1686 2642 1747 Israel.

430 1766 492 1826 lii
531 1764 798 1825 referunt
833 1765 904 1825 ad
943 1763 1184 1825 verbum
1224 1764 1454 1839 Nostis,
1505 1764 1663 1844 quod
1706 1776 1906 1844 postea
1944 1784 2005 1825 se
2054 1765 2233 1823 uitur:
2284 1774 2344 1824 et
2382 1784 2493 1844 pro
2542 1776 2645 1825 ter

365 1841 696 1905 sententiae
729 1840 1094 1923 hyperbaton
1131 1840 1455 1901 existimant
1486 1842 1745 1901 additum
1785 1841 1957 1902 fuisse
1996 1840 2147 1901 aiud
2180 1860 2416 1900 nomen.
2538 1860 2643 1901 am

369 1920 560 1980 Lucas
607 1920 806 2000 priore
859 1918 995 1978 loco
1042 1917 1218 1998 ponit
1251 1914 1443 1989 λόγον,
1480 1917 1691 1977 deinde
1726 1920 1895 1989 ῥῆμα.
1984 1915 2102 1977 Sed
2152 1938 2331 1997 quum
2384 1914 2643 1979 Graccis

367 1996 602 2133 &3331
621 1993 1160 2131 ⁸ss1hi⁰2siffii¹³222
1185 1992 1929 2143 ‘5.?.³.¹2‘¹⁵513„¹.'‘2tf‚⁰⁸⁵‡³.2⁰
1938 1991 2183 2131 iissmffiia
2212 2013 2413 2129 25:¹⁸?
2429 2012 2641 2131 52¹2?ss

368 2090 1553 2304 cam?saisiatae&
1604 2091 2643 2303 ¹3:335.izffsffiz.0..ffi1{⁸{3¹zss

373 2322 412 2364 o
456 2323 522 2363 us
559 2312 804 2382 spectat,
843 2300 1005 2380 quod
1055 2298 1238 2360 edidit
1285 2299 1443 2359 inter
1480 2265 1632 2360 filibs
1671 2296 1853 2361 Israel
1890 2300 2241 2360 annuntians
2279 2318 2479 2380 pacem
2522 2318 2638 2390 per

369 2322 691 2442 (flu-istum.
777 2376 1012 2437 Deinde
1050 2376 1356 2438 subiicitur
1394 2377 1684 2436 narratio:
1734 2375 1969 2436 tandem
2012 2378 2070 2436 in
2112 2375 2363 2438 clausula
2402 2389 2637 2438 oratio-

370 2456 462 2516 nis
501 2475 642 2515 suae
678 2453 941 2515 ostendit
975 2453 1232 2526 Petrus‚·
1265 2453 1325 2513 in
1365 2473 1543 2533 quem
1584 2453 1757 2512 finem
1814 2453 2099 2514 exhibitus
2148 2453 2327 2514 fuerit
2363 2451 2634 2514 Christus

370 2532 614 2594 mundo.
725 2531 918 2590 Porro
983 2551 1102 2591 non
1165 2543 1388 2622 temere
1452 2529 1548 2622 ³¹³ss
1590 2529 1693 2590 hac
1756 2529 2321 2591 commemoratione
2380 2530 2635 2602 orditur,

371 2608 1402 2774 3¹:3223⁶3t.331'¹¹;‚22553.¹¹f¹525¹2t
1434 2607 1577 2743 31¹3
1611 2605 1857 2743 3333.
1898 2607 2637 2773 ἓξῗῗεῖἑῗῗεοίἓῖήῗ

369 2758 1685 2920 3¹12'iiifflssaffgiliu'iissdsssspssffi‘ssss
1724 2757 2409 2915 ῑιῖἓῑίἳεὲἶῖίῗὲῑὲἱῗέ
2446 2759 2634 2900 ἶῗῗῖἑ

369 2911 674 2985 Patribus,
714 2911 812 2990 qui
852 2931 946 2971 res
985 2911 1265 2992 collapsas
1303 2916 1362 2972 in
1404 2924 1615 2971 statum
1654 2912 1967 2972 florentem
2008 2933 2074 2972 ac
2118 2912 2351 2972 beatum
2390 2911 2635 2972 restitu-

375 2998 520 3048 eret.
605 2987 739 3046 Hoc
778 2986 935 3046 idem
972 2987 1235 3047 sciebant
1273 2988 1606 3067 quicunque
1649 2987 2004 3050 familiariter
2040 2989 2250 3052 versati
2290 2998 2455 3049 erant
2493 3009 2631 3048 cum

370 3063 620 3125 Iudaeis.
695 3063 904 3122 Petrus
963 3081 1108 3145 ergo
1159 3083 1277 3142 quo
1329 3063 1441 3122 sibi
1494 3061 1622 3143 plus
1680 3063 1817 3124 fidei
1874 3064 2186 3137 conciliet,
2244 3086 2365 3125 non
2429 3064 2503 3124 de
2562 3084 2633 3124 re

369 3139 578 3222 ignota
615 3150 716 3198 aut
757 3158 908 3198 nova
943 3158 1006 3198 se
1045 3137 1224 3201 verba
1262 3137 1550 3199 facturum
1592 3137 1906 3220 praefatur,
1943 3142 2046 3201 sed
2085 3142 2159 3202 de
2194 3141 2493 3202 Ecclesiae
2530 3161 2635 3202 re·-

368 3214 709 3290 stitutione,
755 3235 904 3294 quae
953 3213 1026 3276 ab
1076 3225 1320 3277 aeterno
1361 3213 1478 3274 Dei
1532 3215 1772 3276 foedere
1820 3217 2117 3297 pendebat
2164 3231 2224 3278 et
2270 3237 2419 3294 quae
2468 3237 2633 3278 nunc

367 3292 648 3374 praestita
683 3311 808 3352 non
849 3289 1098 3352 obscure
1137 3290 1277 3372 fuit,
1329 3303 1392 3350 et
1435 3288 1727 3352 celebrata
1774 3291 1997 3354 scilicet
2032 3292 2296 3356 omnium
2332 3313 2630 3355 sermone.

522 3367 905 3428 Animam
951 3389 1170 3444 pacem.
1265 3367 1465 3428 Docet
1512 3366 1607 3430 bic
1656 3369 1899 3444 Petrus,
1963 3373 2146 3449 qualis
2200 3370 2379 3431 fuerit
2428 3370 2516 3430 rei
2568 3381 2635 3429 et

369 3445 552 3580 {parsi
598 3443 848 3580 minoris
900 3450 1150 3580 speciei),
1194 3465 1413 3537 pempe
1462 3465 1611 3582 quae·
1657 3449 2319 3539 pacem-constitueret.
2412 3451 2634 3538 Pacem

369 3541 615 3690 «ιὲᾘξῗ
661 3541 980 3690 Ρῖῗέἑῖῗᾷἱ
999 3532 1731 3659 {20122132‘22‘1‘2542‘03
1765 3544 2209 3661 5502125313'3
2241 3537 2445 3660 3333*
2470 3522 2635 3660 ἓξὲξ

370 3673 667 3736 dissidium
721 3685 782 3732 et
829 3671 1239 3736 alienationem
1287 3696 1320 3734 a
1370 3674 1535 3736 nobis
1584 3675 1847 3756 sequitur
1900 3675 2192 3737 horrenda
2242 3675 2515 3737 confusio
2567 3687 2631 3736 et

411 3749 534 3812 uasi
580 3760 799 3810 tetrum
849 3750 1057 3824 cbaos,
1112 3751 1190 3812 ita
1252 3750 1483 3813 simulat
1524 3772 1599 3814 ue
1650 3750 1900 3834 affulget
1948 3765 2221 3834 paternus
2272 3752 2391 3812 Dei
2441 3751 2632 3826 favor,

423 3826 686 3888 eclesiam
737 3847 896 3887 suam
936 3847 969 3888 a
1008 3827 1382 3908 dissipatione
1436 3774 1573 3888 cdlii
1618 3827 1667 3889 it
1711 3839 1772 3887 et
1818 3829 2140 3890 renascitur
2176 3850 2312 3890 vera
2364 3827 2630 3890 felicitas.

367 3905 506 3966 Hoc
545 3921 692 3985 ergo
729 3902 1017 3985 significat
1054 3904 1296 3979 Petrus,
1345 3903 1503 3984 quod
1539 3952 1541 3956 ,
1604 3924 1703 3966 eus
1754 3905 1812 3964 in
1854 3905 2093 3968 Christo
2142 3927 2207 3967 se
2242 3903 2470 3986 populo
2518 3926 2630 3966 suo

367 3979 688 4063 propitium
742 3979 1097 4055 ostenderit,
1159 3991 1226 4040 ut
1284 4003 1480 4041 rursus
1526 3979 1799 4042 Abrahae
1861 3981 2011 4042 filios
2074 3982 2369 4064 amplexus
2432 3981 2633 4056 fuerit,

367 4079 516 4138 quos
553 4057 628 4118 ad
663 4067 894 4138 tempus
933 4056 1212 4118 abiecisse
1250 4057 1403 4119 visus
1445 4056 1663 4132 fuerat,
1712 4069 1779 4117 ut
1814 4079 2161 4140 prosperum
2214 4069 2276 4118 et
2310 4059 2631 4120 florentem

365 4145 577 4194 statum
635 4134 792 4214 apud
857 4153 957 4194 eos
1014 4132 1317 4194 stabiliret.
1419 4133 1607 4194 Sicuti
1654 4145 1849 4194 autem
1900 4135 2056 4216 pacis
2106 4134 2275 4196 buius
2325 4147 2631 4195 auctorem

365 4207 508 4269 facit
545 4209 762 4302 penui,
797 4211 880 4272 ita
921 4209 1220 4274 Christum
1259 4210 1319 4270 in
1359 4210 1558 4302 medio·
1594 4213 1797 4272 statuit
1832 4223 2107 4308 tauquam
2148 4211 2271 4272 eius
2309 4212 2523 4304 pignus
2564 4221 2634 4270 nt

365 4297 487 4345 rata
524 4298 600 4347 sit
637 4298 698 4348 et
733 4299 947 4350 sancta.
1023 4293 1238 4348 Pacem
1273 4298 1619 4350 nominatim
1650 4285 2075 4362 praedications·
2112 4285 2453 4370 coniungit,
2494 4288 2629 4368 quia

364 4356 510 4423 baec
559 4383 676 4425 una
725 4365 958 4430 demum
1006 4365 1172 4440 ratio,
1211 4375 1334 4444 est,
1385 4385 1501 4448 qua
1538 4363 2031 4430 reconciliationis
2070 4383 2105 4426 a
2144 4361 2385 4427 Christo
2425 4375 2629 4445 partae
