2788 4713
719 76 742 109 ἢ

1079 190 1370 257 cAPn‘r·
1400 196 1526 258 XX.
1608 216 1619 253 ;
2312 208 2423 273 Μ

185 336 322 399 Hoc
369 345 564 401 autem
607 334 980 417 peculiariter
1027 335 1272 417 Spiritui
1292 392 1298 399 .
1315 336 1531 409 Paulus
1580 340 1838 434 tribuit„
1878 365 1989 425 per
2020 348 2229 427 ‘quem
2256 344 2425 413 Deus

183 410 501 471 Ecclesiam
551 432 708 473 suam
759 410 1078 495 gubernat,
1134 425 1194 472 et
1231 416 1332 493 qui
1381 414 1611 475 divinae
1648 422 1972 481 vocationis
2006 443 2247 485 arcanus
2282 423 2419 489 univ

189 487 401 567 cuique
451 488 610 547 testis
659 500 746 549 est
791 489 852 547 in
889 509 991 549 sua
1041 489 1413 551 conscientia.
1500 490 1601 571 De
1645 512 1791 551 voce
1838 494 2049 574 Episco
2094 499 2112 559 i
2160 498 2419 564 breviter

185 562 302 625 boc
353 564 672 625 notandum
722 576 834 637 est,
887 584 1088 633 omnes
1131 565 1459 645 presinos
1498 566 1883 647 Presbyter-os
1932 571 2053 635 indi
2104 588 2337 641 erenter
2383 596 2417 639 a

187 638 374 701 Paulo
411 641 495 699 sic
529 641 748 699 vocari:
797 641 953 701 unde
989 640 1316 733 colligimus
1352 644 1671 705 secundum
1712 644 2047 725 scripturae
2084 671 2287 725 usum,
2323 653 2416 719 nir

185 714 272 773 bil
307 736 338 775 a
378 714 740 797 Presbyteris
780 716 1018 777 differre
1038 718 1384 799 Episcopos,
1420 720 1519 783 sed
1560 720 1703 783 vitio
1743 732 1803 780 et
1834 740 2005 783 corru
2054 724 2169 784 tela
2202 726 2418 791 factum

188 811 346 865 esse,
396 803 461 851 ut
499 792 598 871 qui
639 793 846 871 primas
885 794 1166 855 tenebant
1213 794 1274 854 in
1324 795 1565 875 singulis
1604 796 1955 872 civitatibus,
2052 798 2275 891 piscopi
2314 825 2417 863 vo,-

187 866 310 927 cari
347 870 667 947 coeperint.
745 869 966 929 Vitium
1005 871 1174 944 dico,
1213 892 1334 932 non
1376 872 1537 964 quod
1576 894 1753 934 unum
1794 872 2043 953 aliquem
2080 874 2141 933 in
2178 897 2267 935 sm
2372 879 2419 945 ἰ

185 942 451 1025 collegiis
490 945 744 1005 eminere
783 945 996 1005 malum
1033 946 1125 1019 sit,
1163 947 1263 1005 sed
1305 970 1437 1027 quia
1475 946 1617 1011 baec
1656 948 1886 1014 audacia
1926 951 2163 1013 minime
2201 963 2226 1010 ι
2286 971 2355 1011 -er
2388 990 2418 1003 -

187 1018 320 1079 bilis
370 1031 486 1090 est,
536 1022 668 1079 dum
721 1022 982 1081 homines
1033 1022 1372 1101 Scripturae
1420 1026 1775 1085 nomina.ad
1824 1048 1993 1089 suum
2039 1047 2280 1092 morem·
2308 1028 2419 1095 fler

189 1095 403 1155 etendo
444 1095 696 1175 Spiritus
732 1098 914 1159 sancti
953 1096 1206 1177 linguam
1244 1111 1469 1164 mutare
1510 1123 1629 1163 non
1670 1101 1983 1167 dubitant..
2030 1158 2038 1163 .

336 1170 452 1233 Ad
468 1170 774 1249 regendam
799 1170 1136 1234 Ecclesiam.
1193 1176 1455 1240 Verbum
1492 1175 1781 1240 Graecum
1820 1185 2138 1251 ποιμαίνειν
2172 1180 2425 1243 pascere

186 1247 492 1340 significat:
541 1271 740 1309 verum
781 1262 914 1329 apta
953 1249 1327 1311 similitudine
1364 1254 1725 1321 transfertui-2
1751 1252 1821 1315 ad
1861 1254 2111 1333 quodyis,
2142 1256 2424 1337 regimen,-

185 1322 450 1385 Diximus
481 1338 704 1400 autem,
741 1325 854 1387 boc
891 1325 1130 1387 tertium
1169 1346 1292 1388 esse
1329 1342 1732 1410 argumentum
1772 1330 1805 1391 'a
1840 1333 2111 1392 muneris.
2137 1330 2425 1399 excellens,-

187 1403 298 1472 tia,
336 1400 505 1461 sicuti
546 1400 682 1461 alibi
719 1401 872 1461 idem
909 1386 1122 1463 paulus
1159 1402 1535 1465 Timotheum
1575 1406 1883 1481 admonet,
1916 1418 1983 1475 ut
2022 1405 2265 1481 videat,-
2312 1406 2425 1477 αρ’-

187 1473 369 1565 modo
410 1476 597 1557 ipsum
638 1488 909 1555 oporteat
944 1478 1158 1540 versari
1193 1479 1252 1539 in
1281 1480 1471 1541 -domo
1508 1480 1658 1555 Dei,
1698 1502 1846 1557 quae
1887 1495 1975 1543 est
2009 1430 2421 1545 Ecclesia‘qDei

185 1551 334 1624 vivi,
383 1551 654 1612 columna
693 1564 752 1612 et
787 1554 1239 1615 stabilimentum
1278 1558 1531 1617 veritatis
1571 1556 1645 1632 (1.
1670 1557 1825 1617 Tim.
1863 1562 1933 1631 3,
1974 1562 2127 1636 15.):
2177 1560 2295 1624 acsi
2334 1560 2427 1632 di:

188 1636 384 1700 ceret,
423 1648 544 1689 non
586 1648 710 1688 esse
746 1627 940 1695 locum
979 1630 1257 1712 segnitiae
1295 1632 1353 1691 in
1391 1645 1511 1693 tam
1549 1633 1729 1699 ardua
1767 1634 2093 1716 prouincia,
2138 1649 2197 1703 ει
2231 1636 2427 1710 minus

189 1708 315 1761 esse
362 1703 748 1777 excusabiles,
801 1726 948 1784 quos
995 1706 1156 1766 Deus
1207 1707 1453 1767 familiae
1498 1727 1632 1769 suae
1682 1726 2041 1779 oeconomos
2096 1708 2423 1786 coustituit,

235 1798 312 1839 uo
363 1778 538 1839 altior
583 1792 672 1840 est
713 1780 812 1841 ille
867 1782 1104 1843 honoris
1152 1784 1392 1877 gradus,
1440 1783 1549 1843 nisi
1588 1796 1779 1847 tantae
1819 1784 2143 1865 dignationi
2180 1808 2429 1878 respon-

235 1864 397 1929 eant,
447 1854 560 1915 boc
600 1868 718 1931 est,
769 1858 878 1918 nisi
915 1857 1118 1920 sedulo
1158 1858 1498 1921 incumbant
1534 1860 1593 1919 in
1634 1882 1763 1924 suas
1802 1871 2011 1939 partes.
2093 1861 2215 1923 Iam
2255 1886 2303 1925 ει
2336 1863 2431 1931 di,-

188 1929 402 1990 vinitus
442 1943 502 1991 et
537 1953 568 1994 a
610 1930 828 2013 Spiritu
867 1947 1070 1997 sancto
1111 1956 1236 1996 non
1275 1948 1545 1998 creantur
1586 1934 1857 2017 Episcopi
1904 1936 2013 1997 nisi
2062 1937 2133 1997 ad
2225 1958 2429 2007 ascen:-

188 2004 708 2096 dam-Ecclesiam,
757 2010 998 2071 ridicula
1047 2021 1136 2073 est
1171 2013 1419 2093 Papatus
1466 2012 1835 2087 Hierarcbia,
1882 2012 1943 2073 in
1994 2033 2107 2105 qua
2146 1960 2429 2097 Elpiscopi

187 2083 352 2218 ἰιέῗρι
400 2082 572 2145 titulo
631 2086 1034 2166 superbientes
1083 2089 1356 2171 pascendi
1402 2111 1611 2152 munus
1657 2110 1734 2161 nc
1780 2090 2146 2157 simulatione
2196 2091 2431 2174 quidem

187 2180 222 2219 a
277 2181 336 2217 m
384 2172 504 2223 unt.
1868 2221 1875 2229 .
2321 2221 2333 2231 .
2404 2222 2413 2235 .

406 2259 540 2298 uam
573 2224 882 2317 acquisivit.
963 2241 1188 2315 Quarta
1225 2241 1407 2313 ratio,
1446 2262 1561 2319 qua
1596 2240 1871 2309 Pastor-‚es
1910 2240 1982 2301 ad
2018 2260 2227 2303 munus
2262 2263 2431 2305 sunm

189 2311 506 2394 diligenter
541 2317 922 2377 exercendum
961 2316 1220 2377 stimulat
1245 2314 1479 2390 Paulus,
1516 2316 1675 2395 quod
1704 2316 1993 2377 Dominus
2033 2338 2155 2378 uon
2194 2317 2433 2398 vulgare

187 2389 404 2470 pignus
453 2392 542 2449 sui
590 2410 724 2472 erga
774 2391 1088 2453 Ecclesiam
1148 2389 1362 2451 amoris
1414 2391 1673 2466 dederit,
1772 2391 2033 2470 roprium
2092 2394 2434 2474 sanguinem

189 2487 304 2546 pro
345 2485 413 2529 ea
453 2465 770 2528 fundendo.
847 2467 1024 2532 Unde
1063 2478 1305 2547 apparet
1341 2466 1631 2545 quamsit
1678 2413 1767 2526 ilii
1800 2466 2083 2546 pretiosa:
2161 2480 2220 2531 et
2274 2480 2435 2537 certe

193 2541 341 2602 nibil
393 2554 478 2602 est
531 2541 688 2622 quod
737 2541 1132 2610 vehementius
1185 2562 1397 2624 urgere
1445 2541 1672 2602 debeat.
1759 2542 2027 2604 Pastores
2066 2553 2133 2606 ut
2168 2543 2435 2606 alacriter

191 2617 395 2680 officio
435 2639 542 2678 suo
582 2619 939 2692 incumbant,
979 2641 1152 2698 quam
1190 2619 1240 2678 si
1277 2629 1551 2698 reputent
1588 2617 1953 2680 commissum
1990 2619 2105 2680 sibi
2145 2639 2267 2680 esse
2304 2641 2437 2688 sanf-

193 2691 388 2776 guinis
419 2693 636 2766 Christi
674 2696 951 2787 pretium:
992 2716 1124 2755 nam
1166 2695 1301 2754 hinc
1339 2695 1621 2773 sequitur,
1659 2695 1765 2762 nisi
1804 2694 2052 2754 fideliter
2088 2715 2249 2758 suam
2289 2715 2437 2776 ope-

195 2791 320 2832 ram
349 2769 640 2844 Ecclesiae
679 2771 1037 2850 impendant,
1077 2793 1197 2835 nou
1237 2771 1419 2832 modo
1446 2768 1567 2831 illis
1606 2769 1873 2850 imputari
1914 2771 2161 2850 perditas
2200 2771 2438 2846 animus,

195 2845 302 2907 sed
352 2845 654 2939 sacrilegio
706 2867 828 2908 esse
879 2847 1224 2922 obstrictos,
1273 2847 1433 2928 quod
1484 2859 1707 2908 sacrum
1734 2847 1886 2906 Filii
1932 2847 2049 2908 Dei
2096 2847 2438 2929 sanguinem

197 2921 654 3004 profanaverint,
694 2935 756 2983 et
791 2923 1257 3004 redemptionem
1292 2922 1364 2983 ab
1400 2925 1417 2982 i
1460 2943 1526 2984 so
1557 2935 1775 3006 partam
1811 2923 2215 2998 exinanierint,
2240 2944 2439 3016 ,quan-

195 3010 324 3060 tum
361 2999 420 3060 in
460 3020 521 3060 se
561 3011 665 3060 est.
737 3001 846 3062 Est
883 3013 1074 3062 autem
1114 3000 1376 3060 immanis
1454 2999 1581 3060 nius
1618 2999 1851 3060 sceleris
1889 3000 2195 3074 atrocitas,
2239 3022 2285 3060 ει
2325 3019 2441 3062 no-

197 3087 313 3136 stra
366 3075 588 3157 ignavia
637 3097 760 3136 non
808 3089 1036 3138 tantum
1082 3077 1316 3138 vilescat
1363 3097 1522 3136 mors
1574 3074 1821 3150 Christi,
1881 3075 1984 3136 sed
2032 3075 2153 3136 eius
2203 3095 2442 3155 quoque

199 3149 422 3212 fructus
459 3149 762 3214 aboleatur
798 3165 860 3214 et
899 3165 1114 3235 pereat.
1198 3151 1433 3214 Dicitur
1476 3164 1671 3214 autem
1716 3151 1997 3231 acquisita
2044 3170 2170 3214 esse
2220 3173 2255 3212 a
2300 3151 2439 3216 Deo

197 3225 484 3302 Ecclesia,
525 3239 590 3286 ιιι
626 3229 866 3299 sciamus
907 3251 1032 3290 eam
1071 3229 1183 3290 sibi
1211 3228 1359 3290 velle
1400 3229 1684 3307 integram
1722 3247 1981 3301 manere,
2021 3226 2154 3318 quia
2190 3247 2441 3307 aequum

201 3313 323 3377 est,
367 3314 434 3362 ut
471 3305 760 3382 possideat
798 3326 944 3384 quos
983 3305 1250 3366 redemit.
1346 3303 1531 3363 Simul
1569 3314 1763 3362 tamen
1802 3323 2085 3363 memoria
2120 3304 2441 3365 tenendum

203 3389 321 3450 est,
371 3389 560 3439 totum
613 3378 922 3438 humanum
969 3399 1152 3472 genus
1205 3380 1452 3440 Satanae
1499 3397 1623 3438 esse
1672 3379 2091 3458 mancipatum,
2142 3379 2335 3443 donec
2374 3398 2445 3438 ex

204 3452 328 3514 eius
364 3453 673 3535 tyrannide
710 3475 818 3528 nos
852 3455 1114 3522 Christus
1153 3466 1367 3517 asserat
1404 3454 1467 3512 in
1508 3451 1919 3518 haereditatem
1943 3453 2131 3514 Patris
2168 3471 2277 3518 nos
2316 3453 2445 3516 col-

199 3529 406 3610 ligens.
488 3527 798 3590 Caeterum
853 3535 984 3611 quia
1029 3530 1090 3592 in
1141 3530 1397 3611 speciem
1450 3529 1615 3596 dura,
1644 3540 1731 3588 est
1778 3529 2047 3612 loquutio
2099 3551 2213 3622 qua
2261 3531 2445 3591 utitur

201 3605 439 3678 Paulus,
475 3604 790 3664 videndum
828 3619 915 3665 est
952 3627 1070 3687 quo
1108 3627 1280 3668 sensu
1319 3605 1502 3680 dicat,
1546 3605 1739 3664 Deum
1776 3625 1885 3666 suo
1921 3626 2205 3689 sanguine
2242 3605 2444 3685 aequi-

204 3682 343 3744 sisse
380 3679 715 3742 Ecclesiam.
789 3681 950 3742 Nihil
991 3684 1144 3742 enim
1184 3682 1513 3758 absurdius,
1553 3702 1725 3760 quam
1764 3703 2112 3764 corporeum
2150 3681 2241 3742 vel
2270 3700 2444 3744 mor-

203 3757 380 3820 talem
417 3755 638 3838 fingere
677 3757 886 3818 Deum.
982 3759 1206 3818 Verum
1242 3757 1319 3818 ita
1359 3757 1658 3836 loquendo
1700 3758 2067 3820 commendat
2102 3759 2163 3818 in
2204 3755 2445 3818 Christo

253 3853 496 3894 ersonae
535 3833 848 3894 unitatem:
896 3835 1030 3912 quia
1069 3835 1221 3894 enim
1263 3833 1568 3895 distinctae
1616 3847 1753 3895 sunt
1803 3834 1867 3894 iu
1907 3833 2144 3896 Christo
2185 3843 2447 3904 naturae,

260 3909 509 3990 criptura
547 3909 839 3970 interdum
877 3911 1035 3990 quod
1076 3911 1350 3989 cuiusque
1388 3908 1691 4000 proprium
1746 3921 1835 3972 est
1880 3929 2138 3972 seorsum
2184 3925 2446 3968 comme-

207 3997 428 4050 morat:
475 3985 576 4044 sed
617 3985 750 4062 dnm
791 3987 1070 4066 proponit
1109 3985 1278 4054 nobis
1310 3986 1502 4046 Deum
1540 4007 1600 4046 ιιι
1642 4007 1815 4048 carne
1854 3985 2299 4056 manifestatum,
2336 3980 2448 4040 bu-
2534 4029 2549 4046 .

208 4084 434 4126 manam
476 4061 595 4122 eius
635 4074 898 4123 naturam
939 4083 1060 4124 non
1099 4072 1325 4142 separat
1362 4082 1396 4123 a
1432 4061 1687 4123 Deitate.
1790 4061 1947 4138 Quia
1982 4074 2178 4123 tamen
2218 4076 2449 4118 rursum

208 4139 294 4203 sic
335 4139 532 4199 unitae
569 4150 706 4200 sunt
740 4138 798 4198 in
842 4137 1080 4200 Christo
1121 4139 1266 4198 duae
1305 4150 1571 4214 naturae,
1618 4151 1687 4199 ut
1722 4158 2033 4218 personam
2077 4155 2253 4196 unam
2301 4153 2449 4197 eou-

210 4216 486 4288 sinuant,
525 4214 602 4274 im
647 4214 848 4296 roprie
885 4213 1194 4295 aliquando
1235 4213 1394 4295 quod
1429 4234 1569 4278 vere
1605 4215 1669 4274 in
1705 4235 1883 4276 unam
1922 4233 2053 4275 com
2098 4210 2207 4272 etit
2243 4209 2317 4272 ad
2362 4207 2451 4270 al·-

210 4303 400 4352 ιιι-ω
433 4235 806 4372 transiet-tur:
852 4290 1024 4354 sicuti
1070 4289 1186 4355 hoc
1230 4290 1384 4368 loeo·
1414 4289 1756 4376 sanguinem
1793 4289 1931 4352 Deo
1978 4231 2187 4353 «tibuit
2218 4285 2455 4366 Paulus,

289 4384 472 4434 cavi-i
493 4383 739 4442 mmet.
764 4388 817 4436 i·
831 4387 950 4440 Aeta
966 4389 1131 4452 spon.
1766 4370 1847 4430 ²⁶

781 4495 796 4528 B
