2788 4713
222 10 259 23 Ἴ
744 10 777 24 V
1229 12 1254 15 -
1551 10 1680 35 ““Ὗ
1743 10 1832 27 *-
1937 14 1968 21 ’-
2198 15 2355 26 γ-ν-Ἷ-Ἷ-

1041 272 1314 335 CAPUT
1353 272 1537 341 XXV.
2291 280 2406 343 459

171 427 323 477 tem:
375 414 530 475 unde
569 415 948 497 perspicimus
1025 414 1358 491 uantulum,
1406 416 1528 477 imo
1568 436 1741 497 quam
1782 414 1925 477 nibil
1962 418 2135 481 saciat
2170 418 2402 500 praedi-

173 490 352 565 catio,
395 492 501 551 nisi
538 492 694 553 intus
731 492 908 553 corda
945 514 980 554 a
1048 493 1159 553 ciat
1182 491 1433 571 Spiritus
1470 491 1741 552 Domini:
1783 494 2021 571 perinde
2060 498 2213 557 enim
2239 495 2404 577 quic·

173 566 314 647 quid
363 566 575 627 <licitur
625 569 951 660 transiliunt
993 568 1188 649 impii,
1235 568 1352 631 acsi
1400 567 1525 649 quis
1576 566 1795 629 fabulas
1846 584 2122 660 narraret.
2199 572 2404 648 Quare
2466 594 2471 611 ¹

171 655 444 781 i13⁰13i2²31
462 644 634 802 ‘iffi
664 644 1338 801 ’ἓῖἶὶἰέοὲιίἳὲἒὲἕεῖῗῖ
1362 644 1693 783 Ἑῖῗῖεᾙῖ.
1716 650 2402 801 δῖἓὲἑῗέἑιᾳιῗέὲωκῗέἱῖζ

170 792 488 856 multos·in
533 816 735 857 causae
773 798 1006 858 actione
1043 796 1198 857 ultro
1237 796 1505 876 citroque
1546 796 1775 859 habitos
1814 816 1937 859 esse
1974 818 2291 872 sermones,
2330 803 2401 862 de

173 871 388 951 quibus
425 873 612 933 Lucas
649 894 770 935 non
810 872 1092 935 meminit.
1166 874 1261 932 De
1302 872 1539 934 Clu-isto
1581 873 1733 935 enim
1774 871 2051 935 hactenus
2091 872 2233 933 nihil
2271 878 2403 936 atti-

169 960 360 1028 gerat,
401 961 461 1009 et
499 960 688 1009 umen
730 950 871 1011 haec
909 950 1202 1029 posterior
1241 951 1499 1011 narratio
1538 950 1813 1024 ostendit,
1852 949 2094 1011 Paulum
2134 948 2290 1011 serio
2332 951 2404 1011 de

170 1024 296 1085 eius
335 1038 526 1085 morte
569 1037 630 1085 et
667 1024 1095 1087 resurrectione
1124 1046 1254 1085 cum
1283 1024 1514 1087 ludaeis
1532 1024 1880 1117 disputasse:
1920 1028 2080 1107 quod
2114 1026 2245 1086 fieri
2282 1048 2404 1087 non

169 1100 397 1181 potuit,
449 1102 588 1181 quin
627 1101 700 1164 de
739 1102 930 1183 praeci
977 1100 1064 1163 uis
1100 1102 1406 1183 Evangelii
1460 1122 1523 1165 ea
1569 1103 1741 1164 itibus
1780 1114 2073 1163 tractaret.
2150 1102 2251 1162 Sic
2289 1104 2403 1185 igi-

167 1187 270 1236 tur
307 1177 556 1239 coniicio
600 1180 786 1259 egisse
815 1179 938 1242 Pau
961 1198 1080 1250 um,
1116 1189 1183 1240 ut
1219 1179 1485 1239 refutatis
1557 1181 1871 1244 udaeorum
1911 1178 2232 1251 calumniis,
2272 1181 2404 1260 qui-

167 1250 280 1313 bus
319 1273 452 1313 eum
491 1256 642 1334 apud
669 1254 1004 1317 Praesidem
1039 1274 1276 1335 gravare
1313 1256 1511 1317 eonati
1552 1255 1803 1329 fuerant,
1838 1256 1999 1319 velut
2037 1257 2405 1319 occasionem

169 1340 374 1393 nactus
413 1330 652 1391 liberius
693 1330 768 1391 de
805 1328 1045 1393 Christo
1085 1330 1249 1411 loqui
1288 1344 1493 1412 postea
1526 1332 1831 1413 inciperet.

333 1508 436 1573 22.
519 1510 802 1597 Agrippa
855 1518 1060 1574 autem
1119 1508 1271 1574 dixit
1325 1509 1409 1578 ad
1450 1510 1745 1587 Festum,
1798 1508 2123 1576 Volebam
2166 1523 2231 1578 et
2264 1515 2404 1601 ipse

163 1606 490 1675 hominem
532 1608 776 1677 audire.
861 1610 1041 1691 Cras,
1081 1610 1306 1701 inquit,
1347 1608 1571 1675 audies
1598 1630 1761 1673 eum.
1845 1610 1947 1677 23.
1988 1612 2257 1703 Postero
2296 1637 2406 1679 au-

165 1716 296 1773 tem
339 1707 446 1773 die
501 1732 696 1797 quum
743 1712 1026 1779 venisset
1064 1712 1350 1796 Agrippa
1406 1721 1471 1775 et
1510 1710 1788 1775 Bernice
1843 1732 1984 1776 cum
2038 1712 2239 1787 multo
2294 1736 2405 1800 ap-

161 1817 424 1893 paratu,
505 1822 569 1875 et
632 1813 956 1879 introisset
1017 1812 1089 1876 in
1129 1810 1517 1877 auditorium
1578 1832 1721 1875 cum
1764 1808 2072 1877 Tribunis
2134 1824 2197 1878 et
2251 1817 2406 1879 viris

161 1906 626 1995 principalibus
679 1914 982 1989 civitatis,
1045 1909 1312 1978 iubente
1361 1910 1587 1991 Festo,
1649 1907 1961 1977 adductus
2019 1922 2114 2011 est
2150 1912 2403 1981 Paulus.

161 2008 268 2073 24.
305 2009 388 2075 Et
429 2010 585 2077 dicit
625 2012 853 2078 Festus
867 2062 884 2093 ,
938 2015 1220 2101 Agrippa
1259 2014 1433 2089 Rex,
1492 2022 1557 2079 et
1598 2033 1822 2079 omnes
1864 2013 1977 2101 qui
2026 2013 2217 2079 simul
2252 2014 2405 2081 ade-

161 2111 278 2173 stis
319 2107 652 2179 nobiscum
693 2116 837 2190 viri,
867 2114 1102 2180 videtis
1143 2114 1316 2181 hune
1347 2112 1691 2191 hominem,
1734 2112 1819 2177 de
1846 2134 1979 2199 quo
2014 2118 2221 2180 omnis
2244 2116 2404 2181 mul·

160 2208 374 2274 titudo
427 2210 812 2279 ludaeorum
865 2213 1299 2301 interpellavit
1350 2236 1452 2278 me
1510 2222 1575 2279 et
1624 2204 2099 2303 Hierosolymis
2163 2227 2227 2281 et
2280 2218 2402 2299 hic,

163 2308 611 2388 acclamantes,
648 2334 780 2379 non
809 2326 1116 2398 oportere
1160 2334 1304 2380 eum
1330 2315 1553 2378 vivere
1582 2311 1867 2397 amplius.
1947 2316 2049 2380 25.
2088 2316 2229 2402 Ego
2243 2300 2403 2386 vero

163 2412 481 2496 comperi,
536 2411 698 2475 nihil
745 2412 1002 2496 dignum
1055 2424 1262 2477 morte
1317 2434 1463 2476 eum
1514 2409 1857 2477 admisisse.
1941 2414 2033 2478 Et
2066 2418 2217 2502 quia
2258 2419 2399 2505 ipso

163 2513 543 2598 provocavit
599 2511 678 2576 ad
725 2513 1104 2597 Augustum,
1156 2508 1344 2579 sta‘tui
1397 2514 1645 2576 mittere
1690 2531 1851 2576 eum.
1920 2513 2056 2605 ,²6·
2109 2513 2213 2580 De
2270 2540 2400 2604 quo

163 2608 326 2698 quid
373 2622 610 2676 certum
655 2613 928 2678 scribam
973 2611 1260 2690 domiuo,
1299 2633 1435 2676 non
1471 2607 1703 2677 habeo.
1786 2595 2205 2700 Quapropter
2252 2640 2403 2703 pro-

163 2714 318 2780 duxi
361 2735 504 2778 eum
545 2712 626 2779 ad
669 2735 814 2792 vos,
855 2724 918 2778 et
959 2714 1220 2778 maxime
1261 2709 1343 2776 ad
1384 2721 1481 2787 te,
1523 2709 1661 2775 Rex
1703 2714 2023 2800 Aprippa,
2062 2724 2134 2778 ut
2174 2722 2402 2782 exami-

161 2817 433 2882 natione
489 2813 654 2879 iacta
707 2812 1003 2893 habeam,
1058 2811 1238 2899 quod
1285 2809 1575 2876 scribam.
1666 2813 1771 2878 27.
1818 2811 2185 2879 Absurdum
2230 2820 2399 2884 enim

161 2915 320 2982 mihi
349 2913 604 2981 videtur
643 2918 894 2982 mittere
935 2901 1232 2992 vinctum,
1272 2923 1338 2978 et
1379 2913 1641 2978 crimina
1681 2913 1766 2978 de
1810 2911 2044 3001 quibus
2070 2897 2401 2986 accusatu?

165 3037 306 3084 non
347 3015 647 3082 indicare.
1117 3027 1150 3064 ¹·

316 3153 410 3216 22.
492 3145 774 3209 Volebam
809 3161 864 3206 et
894 3149 1032 3222 ipse.
1131 3147 1291 3213 Hine
1345 3145 1640 3208 coniicere
1697 3144 1869 3218 licet,
1911 3135 2255 3228 'Agrippam
2314 3149 2397 3212 sic

167 3221 342 3284 fuisse
381 3221 652 3304 cupidum
699 3225 992 3286 audiendi·
1020 3223 1210 3300 Pauli,
1257 3236 1327 3284 ut
1371 3237 1563 3284 tamen
1615 3223 1868 3283 studium
1918 3243 2085 3305 suurn
2130 3225 2399 3306 profiteri

167 3297 503 3375 erubuerit,
556 3320 630 3359 ne
678 3313 914 3380 putaret
950 3301 1154 3360 Festus
1216 3299 1326 3362 alia
1373 3301 1447 3360 de
1494 3319 1662 3359 causa
1700 3317 1870 3377 quam
1924 3297 2002 3358 ob
2042 3297 2397 3362 salutationis

164 3373 426 3435 officium
464 3375 706 3436 venisse.
782 3377 870 3436 Ac
907 3376 1034 3436 fieri
1073 3376 1306 3457 quidem
1347 3387 1571 3456 potest,
1608 3385 1675 3433 ut
1713 3394 1831 3432 nou
1870 3374 1995 3434 sola
2032 3395 2163 3436 eum
2204 3377 2397 3458 curio·

165 3449 304 3512 sitas
352 3450 678 3530 impulerit,
735 3464 801 3510 ut
836 3451 1080 3512 Paulum
1119 3451 1319 3512 audire
1359 3463 1631 3532 cuperet,
1686 3449 1787 3510 sed
1830 3450 1971 3584 ¹puia
2018 3449 2290 3531 sperabat
2333 3475 2397 3514 se

165 3525 570 3606 profecturum
609 3547 678 3586 ex
715 3528 838 3600 eius
874 3547 1174 3590 sermone:
1227 3549 1396 3606 quam
1446 3540 1641 3588 tamen
1691 3524 1824 3606 frigi
1870 3546 1901 3584 e
1939 3547 2009 3606 ap
2054 3540 2203 3604 etat,
2261 3529 2393 3590 hinc

165 3600 452 3684 colligere
491 3616 820 3684 promptum
863 3615 973 3678 est,
1009 3604 1169 3684 quod
1207 3624 1403 3682 passus
1442 3615 1531 3663 est
1568 3599 1780 3662 multos
1820 3601 1939 3662 dies
1962 3623 1992 3661 e
2020 3603 2225 3679 fluere,
2265 3605 2395 3684 qui-

165 3678 276 3738 bus
316 3677 536 3738 nullum
589 3680 858 3740 desiderii
895 3683 1120 3762 signum
1172 3680 1459 3756 ostendit,
1514 3679 1647 3758 quia
1684 3677 1911 3738 scilicet
1943 3682 2194 3740 terrenis
2232 3701 2395 3742 com-

165 3753 379 3826 modis,
420 3777 566 3836 quae
608 3757 856 3818 ducebat
895 3758 1156 3837 potiora,
1193 3757 1376 3840 magis
1419 3767 1545 3818 erat
1580 3755 1849 3818 imbutus.
1923 3757 2049 3817 Nec
2088 3767 2225 3816 ante
2262 3777 2394 3818 ver-

163 3829 310 3890 bum
349 3833 540 3892 facere
579 3854 742 3894 ausus
785 3845 872 3892 est
907 3831 998 3891 vel
1039 3835 1278 3908 curavit,
1319 3855 1489 3910 qnam
1530 3830 1683 3892 ultro
1708 3851 1837 3892 eum
1874 3831 2147 3892 invitaret
2170 3833 2391 3896 Festus.

161 3907 259 3968 Ita
298 3909 640 3988 producitur
673 3920 904 3970 sanctus
945 3909 1164 3969 Christi
1201 3909 1463 3969 minister
1502 3907 1563 3969 in
1601 3908 2019 3988 spectaculum,
2080 3919 2147 3967 ut
2197 3909 2394 3988 hospi·L

163 3997 288 4046 tem
323 4005 492 4045 snum
531 3985 804 4045 exhilaret
841 3985 1120 4065 prosanus
1157 3985 1368 4058 bomo,
1419 3984 1528 4045 nisi
1609 3985 1725 4044 uod
1764 3985 2060 4078 Agrippae
2102 3996 2161 4044 et
2206 3984 2394 4044 eomi-

161 4073 292 4122 tum
331 4060 740 4128 eiusconsilio
779 4061 982 4124 instrui
1023 4061 1150 4120 vult
1187 4061 1423 4136 Festus,
1463 4072 1531 4122 ut
1606 4059 1919 4146 iligenttam
1959 4081 2117 4124 suam
2161 4059 2395 4125 Caesari

159 4135 398 4218 probet.
477 4137 593 4198 sed
637 4159 726 4199 res
776 4159 982 4198 arcana
1020 4136 1134 4197 Dei
1173 4139 1540 4218 providentia
1592 4139 1651 4196 iu
1692 4137 1865 4196 alium
1904 4138 2075 4196 finem
2118 4157 2392 4200 conversa

164 4225 283 4273 est:
345 4233 535 4293 neque
586 4217 743 4276 enim
793 4214 1030 4274 dubium
1081 4226 1200 4289 est,
1240 4218 1378 4308 quin
1433 4214 1612 4297 longe
1670 4211 1896 4290 lateque
1953 4213 2185 4350 sp'arsus'
2222 4213 2397 4273 suerit

163 4311 386 4366 rumor,
422 4291 524 4370 qui
561 4289 634 4352 ad
675 4292 907 4373 piorum
947 4291 1451 4354 confirmationem
1490 4313 1609 4354 non
1652 4309 1849 4368 parum
1870 4289 1993 4350 vale
2039 4303 2123 4349 at:
2164 4311 2231 4352 ac
2270 4289 2394 4350 fied

163 4366 338 4428 etiam
375 4379 570 4448 potest
611 4380 678 4434 ut
713 4368 854 4432 tacti
893 4368 1108 4434 fuerint
1143 4367 1318 4450 aliqui
1359 4389 1431 4430 ex
1466 4365 1855 4442 auditoribus,
1902 4389 1968 4430 ae
2017 4367 2149 4432 fidei
2194 4387 2393 4430 semen
