2788 4713
359 267 485 330 294
1092 229 1099 234 ’
1142 261 1231 322 m
1268 257 1494 321 scr-A
1531 257 1822 320 APOST.

512 405 598 466 Et
630 401 938 466 crederent.
984 399 1148 463 ·Hoc
1185 397 1440 484 sigillum
1477 397 1971 464 fuit-sanciendae
2001 371 2256 462 'entium
2281 395 2636 462 ⁸vocationi.

368 483 629 544 Oraculo
666 482 989 542 iniunctum
1012 491 1136 539 erat
1155 479 1337 540 Petro
1377 479 1632 541 docendi
1668 501 1898 553 munus,
1935 499 1994 540 se
2077 479 2297 540 fructus
2323 479 2424 556 qui
2463 497 2634 560 pro-

365 560 527 620 venit
576 579 644 618 ex
692 558 959 618 doctrina
1014 556 1398 617 ministerium
1449 557 1570 616 eius
1620 555 1924 628 nobilitat,
1987 569 2051 616 et
2111 553 2509 616 authenticum
2557 567 2636 615 ut

365 635 692 716 loquuntur
736 632 944 694 reddit.
1037 633 1187 693 Nam
1238 653 1416 714 quum
1521 631 1752 692 eculiari
1791 633 2042 712 Spiritus
2090 633 2277 713 gratia
2324 632 2382 690 in
2436 631 2634 691 iidem

366 711 769 772 illuminentur
807 708 1009 784 electi,
1056 705 1247 769 nullus
1286 709 1403 768 erit
1453 652 1756 769 doctrinae
1795 709 2136 789 profectus,⁸
2173 708 2284 767 nisi
2327 718 2634 787 quatenus

368 790 637 850 virtutem
676 805 837 847 suam
872 785 1263 847 Dominus·in
1304 785 1582 846 ministris
1623 797 1876 859 exseret,
1927 785 2079 845 intus
2120 803 2324 845 eorum
2367 783 2467 864 qui
2513 806 2636 844 au-

369 865 537 923 diunt
580 874 806 924 mentes
868 860 1139 921 docendo
1192 873 1251 919 et
1298 862 1454 920 intus
1499 860 1788 921 trahendo
1829 860 2022 922 corda.
2099 860 2261 942 Ergo
2303 881 2480 952 quum
2529 862 2636 920 ἱεί-

367 941 539 1000 heret
572 940 737 997 Deus
776 937 847 997 ad
886 949 1093 1018 gentes
1134 937 1381 1017 perferri
1419 936 1740 1018 Evangelii·
1764 936 2124 1011 doctrinam,
2149 952 2260 996 'eas
2297 935 2412 996 sibi
2451 935 2630 996 dica-

365 1014 465 1091 vit,
506 1035 583 1076 ne
620 1013 863 1106 amplius
903 1013 1183 1093 profanae
1220 1025 1436 1074 essent:
1476 1013 1578 1073 sed
1619 1024 1759 1074 tunc
1788 1013 2020 1074 demum
2061 1011 2316 1072 numeris
2340 1013 2634 1074 omnihus

364 1091 623 1187 perfecta
663 1091 779 1150 fuit
812 1089 1071 1150 solennis
1110 1090 1512 1162 consecratio,
1559 1087 1696 1148 dum
1739 1110 1935 1149 earum
1975 1088 2250 1150 cordibus
2293 1109 2400 1170 per
2437 1089 2632 1150 fidem

364 1166 667 1248 insculpsit
709 1166 1043 1246 adoptionis
1087 1185 1225 1238 suae
1272 1177 1492 1227 notam.
1601 1165 1775 1238 Quae
1827 1167 2110 1227 continuo
2167 1177 2304 1258 post
2349 1166 2636 1244 sequitur

366 1245 687 1319 sententia,
748 1247 1047 1333 exegetice
1093 1242 1372 1302 sumenda
1424 1252 1539 1302 est:
1589 1242 1840 1303 visibiles
1891 1243 2044 1302 enim
2087 1243 2129 1301 S
2173 1242 2338 1300 iritus
2421 1242 2626 1318 ratius,

252 1367 267 1384 2
370 1343 625 1401 quarum·
652 1321 947 1388 meminit,
992 1318 1129 1379 fidei
1180 1319 1443 1388 annectit
1479 1318 1722 1394 Petrus,
1763 1330 1829 1378 ut
1868 1331 2026 1379 certe
2067 1319 2127 1378 ni
2171 1317 2209 1377 il
2249 1318 2364 1378 alin
2447 1332 2632 1380 erant

367 1419 539 1478 quam
578 1397 701 1456 eius
739 1394 1011 1456 accessio.
1110 1394 1192 1453 Er
1312 1415 1489 1486 quum
1538 1406 1745 1484 gentes
1793 1393 2011 1487 absque
2062 1395 2504 1454 circumcisione
2561 1408 2632 1456 et

365 1473 715 1534 ceremoniis
751 1474 813 1531 in
852 1469 1133 1552 populum
1174 1415 1288 1531 figi
1328 1482 1581 1532 insertae
1619 1470 1757 1544 sint,
1795 1471 1933 1532 colli
1979 1470 2022 1530 it
2060 1470 2266 1530 Petrus
2307 1491 2626 1552 perperam

368 1549 483 1609 illis
534 1549 936 1610 necessitatem
986 1547 1300 1610 seruandae
1348 1546 1524 1633 Legis
1573 1541 1813 1628 imponi.
1951 1547 2142 1608 :detur
2186 1559 2380 1606 tamen
2419 1547 2626 1608 minus

369 1624 597 1684 irinum
648 1643 772 1686 esse
821 1622 1125 1684 electionis
1176 1634 1627 1714 argumentum,
1671 1624 1830 1702 quod
1869 1624 2122 1704 Spiritus
2167 1635 2398 1684 sanctus
2437 1645 2628 1706 super

371 1709 465 1760 eas
505 1700 771 1780 delapsus
806 1699 908 1760 sit:
950 1711 1120 1759 erant
1156 1720 1312 1759 emm
1356 1701 1476 1758 eius
1515 1700 1749 1780 generis
1791 1699 1974 1777 dona,
2015 1719 2086 1758 ex
2125 1699 2335 1778 quibus
2377 1701 2626 1761 ratioci-

368 1777 495 1836 nari
534 1797 655 1836 non
696 1776 933 1848 liceret,
981 1776 1113 1836 illos
1162 1777 1221 1835 in
1244 1775 1475 1835 ‘ordine
1517 1775 1746 1854 piorum
1787 1776 2042 1838 censeri:
2095 1778 2252 1836 solus
2292 1787 2486 1854 autem
2531 1788 2626 1838 est

344 1849 831 1936 ⁵regenerationis
869 1849 1154 1944 Spiritus,
1216 1854 1315 1944 qui
1377 1851 1528 1910 filios
1575 1851 1691 1910 Dei
1744 1851 1815 1911 ab
1866 1853 2068 1913 alienis
2119 1853 2415 1912 discernit.
2493 1845 2628 1912 Re-

242 1967 255 1986 .
368 1929 666 2008 spondeo,
706 1947 961 2006 quamvis
1003 1928 1164 1987 dono
1205 1926 1537 2008 linguonum·
1577 1937 1640 1986 et
1675 1927 1957 1990 similibus
1995 1931 2128 1988 vani
2167 1927 2394 2007 alioqui
2421 1929 2622 1989 homi-

367 2025 473 2064 nes
524 2003 769 2084 praediti
818 2001 1067 2076 fuerint,
1116 2003 1355 2062 Petrum
1422 2013 1614 2062 tamen
1664 2023 1894 2063 sumere
1941 2023 2054 2084 pro
2115 2005 2386 2064 consessu
2447 2007 2620 2084 quod

368 2090 577 2140 notum
618 2088 773 2154 erat,
822 2075 1017 2137 Deum
1064 2077 1128 2136 in
1171 2077 1457 2154 Cornelio
1511 2089 1570 2136 et
1620 2080 1741 2138 eius
1795 2082 2060 2162 cognatis
2107 2080 2416 2173 gratuitam
2447 2087 2618 2142 suani

366 2154 745 2234 adoptionem
790 2152 1003 2213 visibili
1052 2154 1305 2236 Spiritus
1355 2153 1542 2237 gratia
1603 2155 1972 2238 obsignasse,
2031 2177 2152 2218 acsi
2209 2157 2403 2240 digito
2464 2157 2622 2218 filios

368 2252 505 2294 mos
520 2241 939 2383 Θῐῗωῧοεηαππρὲ·
954 2303 1230 2367 cordium·
1306 2307 1498 2369 Hoc-e
1543 2307 1770 2370 itheton
1803 2328 1877 2369 -ex
1915 2308 2235 2391 praesentis
2274 2303 2476 2371 causae
2501 2312 2620 2371 cir-

371 2384 714 2446 cumstantia
763 2383 901 2444 Deo
951 2384 1378 2445 accommodat:
1439 2406 1502 2445 su
1551 2405 1584 2445 e
1681 2406 1754 2446 ue
1803 2388 1979 2448 tacita
2037 2386 2368 2459 antithesis,
2433 2387 2617 2461 Quod

370 2461 637 2522 homines
698 2472 969 2521 externae
996 2460 1269 2540 .puritati
1329 2462 1514 2543 magis
1563 2397 1776 2523 afflicti
1835 2474 2000 2538 sunt,
2063 2464 2193 2543 quia
2241 2463 2501 2523 iudicant
2551 2486 2620 2525 ex

372 2552 563 2598 crasso
602 2549 664 2597 et
700 2549 941 2597 terreno
981 2555 1092 2599 suo·
1128 2557 1330 2611 sensu,
1367 2535 1534 2599 Deus
1569 2550 1764 2599 autem
1791 2540 1969 2601 corda
2007 2540 2256 2620 inspicit:
2316 2540 2620 2602 Admonet

371 2613 553 2695 igitur
586 2615 803 2679 Petrus
858 2625 1236 2693 praepostere
1296 2612 1554 2675 humano
1615 2634 1786 2675 sensu
1848 2614 2125 2676 iudicium
2183 2615 2312 2676 fieri
2375 2617 2450 2676 de
2511 2616 2620 2677 hac

371 2688 2620 2830 22¹3?ammit-⁵¹53?{3⁶33wassss³5„212⁸2{⁵“;2¹32¹r32⁵³tz‚3235

372 2844 507 2916 tati,
556 2864 631 2901 ne
682 2843 809 2922 plus
858 2842 1029 2903 nobis
1069 2786 1239 2921 guam
1289 2864 1396 2922 par
1442 2845 1518 2903 sit
1563 2856 1857 2905 sumentes
1893 2844 2010 2904 Dei
2049 2844 2266 2905 iudicio
2307 2844 2620 2939 obstrepa-

374 2940 527 2991 mus,
565 2920 681 2978 acsi
722 2917 1069 3009 diceret,·Si
1108 2918 1216 2977 tibi
1256 2919 1408 2980 ratio
1447 2920 1770 2980 testimonii
1811 2922 1965 3013 quod
2007 2920 2118 2981 illis
2159 2920 2322 2982 Deus
2359 2921 2618 2983 reddidit

371 3014 499 3053 non
534 3005 809 3076 apparet,
858 3004 1054 3073 cogita
1104 3006 1383 3071 quantum
1439 2993 1596 3055 inter
1634 3008 1695 3057 te
1735 3008 1794 3056 et
1830 2996 1992 3057 illum
2035 2998 2290 3057 intersita
2353 3009 2414 3057 te
2457 3000 2616 3059 enim

373 3088 485 3148 pro
526 3088 715 3129 cmsso
756 3079 863 3127 tuo
905 3066 1146 3149 ingenio
1188 3068 1414 3158 detinet
1452 3083 1721 3163 externus
1759 3072 2296 3165 splendtornquem·
2329 3072 2615 3135 facessere

372 3144 829 3287 ffi‘sszffl
859 3142 1541 3302 {figi‘iizffimc‘ssi'issss
1561 3150 2616 3306 ’ξὲἕὲἑῑεέἳὶιιῖἳξᾜὲΐιὲἔξῖἵὲῑ

370 3297 561 3355 nenda
602 3308 719 3368 est,
770 3296 927 3374 quod
982 3295 1137 3359 oculi
1177 3296 1422 3357 Domini
1471 3319 1593 3359 non
1645 3301 1870 3362 sucosas
1911 3322 2153 3382 operum
2193 3322 2466 3383 pompas,
2511 3304 2616 3365 sed

371 3372 565 3433 cordis
602 3372 995 3455 integritatem
1036 3370 1343 3452 aspiciant,
1378 3373 1552 3435 sicuti
1593 3376 1841 3437 habetur
1878 3378 2160 3439 Ieremiae
2197 3386 2348 3451 5,·3.
2432 3380 2614 3453 Quod

368 3458 533 3507 vetus
572 3449 871 3527 Interpres
908 3460 970 3508 et
1004 3448 1276 3509 Erasmus
1315 3452 1697 3529 transferunt,
1736 3453 1930 3515 Deum
1970 3456 2198 3514 novisse
2236 3455 2612 3531 corda,‚nou

370 3524 505 3587 satis
554 3524 819 3602 exprimit
868 3524 1023 3603 quod
1074 3544 1285 3607 graece
1332 3524 1474 3586 dicit
1511 3529 1712 3589 Lucas.
1789 3533 1938 3593 Nam
1979 3531 2437 3590 Deum-vocans
2476 3552 2612 3605 κειρ-

370 3598 717 3686 διογνώςην,
756 3620 889 3661 eum
940 3602 1193 3681 opponit
1240 3601 1608 3678 hominibus,
1659 3607 1758 3685 qui
1807 3607 1881 3668 ab
1923 3618 2157 3666 externa
2197 3607 2382 3689 magis
2419 3608 2614 3687 specie

370 3673 748 3754 utplurimum
786 3674 1073 3739 iudicant:
1114 3679 1389 3761 'ideoque
1447 3680 1932 3758 προαωπογνώςαι
1985 3683 2182 3745 vocari
2229 3696 2506 3765 possunt,
2566 3684 2614 3746 si

374 3772 505 3811 cum
540 3751 677 3810 Deo
718 3752 1117 3821 conserantur.

486 3834 576 3895 r9.
653 3824 927 3907 Nihilque
960 3828 1239 3897 discrevit.
1315 3830 1646 3893 Discrimen
1687 3830 1920 3923 quidem
1963 3846 2121 3912 erat,
2161 3835 2320 3915 quod
2361 3834 2608 3916 gentiles

370 3914 615 3984 repente
662 3924 731 3963 ex
788 3907 1091 3985 praeputio
1150 3905 1381 3975 admissi
1434 3908 1665 3973 fueraut
1713 3930 1774 3969 m
1835 3908 2044 3972 foedus
2104 3911 2257 3973 vitae
2317 3924 2609 3989 aeternae,

370 4000 547 4059 quum
586 3978 832 4041 Iudaeos
872 3982 1231 4056 circumcisio
1270 3995 1669 4063 praeparasset
1705 3985 1776 4045 ad
1817 3984 2019 4047 fidem:
2055 3989 2158 4047 sed
2197 3986 2386 4047 intelli
2430 3989 2472 4047 't
2495 3987 2608 4047 Pe-

371 4067 495 4123 trus
534 4068 813 4136 utrosque
862 4058 1081 4139 pariter
1118 4059 1356 4129 allectos
1399 4080 1524 4121 esse
1562 4081 1592 4120 a
1631 4060 1766 4130 D,eo
1807 4062 1867 4121 in
1907 4083 2070 4143 spem
2111 4064 2368 4124 eiusdem
2449 4084 2608 4123 aere-

370 4130 593 4207 ditatis,
644 4144 713 4197 ·et
762 4133 819 4191 in
873 4154 1071 4215 parem
1124 4134 1366 4200 honoris
1415 4136 1658 4218 gradum
1707 4136 1883 4197 fuisse
1923 4150 2191 4212 evectos,
2249 4152 2316 4199 ut
2355 4140 2468 4198 Dei
2507 4140 2604 4201 filii

368 4220 563 4269 essent
610 4231 675 4271 ac
716 4208 934 4269 Christi
984 4209 1273 4283 membra,
1330 4224 1591 4273 sanctum
1643 4214 1896 4293 denique
1943 4215 2212 4287 Abrahae
2259 4235 2458 4280 semen
2507 4236 2608 4299 ge-

370 4302 597 4367 {susque
631 4286 991 4349 sacerdotale
1030 4308 1095 4347 ac
1133 4288 1375 4369 regium.
1457 4286 1630 4347 Unde
1669 4292 1932 4369 seqnitur
1975 4312 2096 4353 non
2135 4289 2264 4355 sine
2303 4290 2604 4373 sacrilegio

368 4359 697 4425 immundos
737 4383 907 4441 posse
946 4362 1181 4438 haberi,
1221 4384 1288 4424 ex
1314 4383 1434 4444 quo
1459 4361 1568 4425 sibi
1594 4362 1652 4423 in
1693 4365 1988 4445 peculium
2027 4366 2207 4450 elegit
2239 4368 2398 4447 ipsos
2421 4367 2604 4445 Deus,
