2788 4713
1062 232 1338 298 CAPUT
1375 233 1623 295 xxvn.
1710 270 1717 281 -
1918 262 1931 277 „
2026 294 2100 327 „U
2336 238 2451 304 477
2572 256 2575 263 ·

189 394 338 477 tur,
381 380 498 519 sigi
534 391 733 517 ἱεωείιέ
781 396 1028 516 arcanff
1075 378 1332 471 Spiritus
1376 376 1817 471 gubernationis
1864 378 2129 515 εὲἓεοίἔιε
2177 388 2455 517 εὖειιήξιξ

189 470 364 595 ἰῗέῗ
405 478 682 615 ziam?
732 467 2053 621 ffi‘ffdt’zsstfflt'e‘t‘{eff‘zsssszfitfigtss
2080 476 2346 594 {2013ss
2362 478 2451 595 εἰ.

189 610 534 691 praefando
558 608 1000 701 expergefacere
1021 620 1312 679 vectores,
1349 620 1417 667 ut
1450 607 1723 668 attentius
1748 606 1981 668 audiant
2004 608 2162 697 quod
2186 607 2447 671 dicturus

195 696 315 745 est.
391 686 634 766 Alioqui
669 685 973 753 ridiculum
1013 683 1245 758 fuisset,
1281 684 1585 745 bominem
1620 681 1967 765 naufragum
2000 683 2255 743 eiusdem
2293 684 2449 747 cala-

193 762 426 823 mitatis
463 762 636 823 sociis
674 761 914 823 salutem
941 762 1316 841 promittere.
1814 806 1819 813 .
1988 796 1993 800 -

359 844 456 903 23.
529 838 735 898 Assem
763 839 916 899 σηίηι
949 832 1104 897 mihi.
1179 838 1272 896 Ne
1309 834 1655 898 temeritatis
1690 835 1853 918 argui
1890 836 2093 914 possit,
2133 833 2292 914 quod
2326 848 2447 898 tam

193 934 412 975 secure
443 914 714 976 omnibus
749 914 994 976 salutem
1033 914 1369 992 promittat,
1420 912 1615 973 Deum
1650 924 1861 973 testem
1900 932 1969 971 ac
2007 921 2305 972 auctorem
2344 912 2448 973 ad-

195 990 390 1051 ducit.
463 992 592 1053 Nec
636 1010 789 1055 vero⁴
831 988 1070 1049 dubium
1122 1000 1242 1066 est,
1336 990 1436 1049 uin
1478 999 1645 1049 certa
1692 986 1779 1050 illi
1832 988 2169 1049 constiterit
2214 988 2447 1049 visionis

195 1066 381 1140 fides,
417 1078 484 1127 ut
519 1088 554 1128 a
591 1066 840 1129 Satanae
875 1063 1088 1146 praesti
1133 1064 1198 1125 iis
1237 1064 1298 1123 ni
1342 1064 1386 1125 il
1424 1077 1732 1125 metueret.
1810 1064 1968 1141 Quia
2008 1064 2161 1123 enim
2201 1063 2307 1123 sub
2348 1084 2450 1125 re·-

191 1144 564 1204 velationum
622 1143 818 1223 specie
883 1160 1056 1223 saepe
1091 1084 1445 1201 qvominibus
1503 1138 1699 1200 illudit
1754 1140 1855 1201 ille
1914 1140 2200 1201 mendacii
2257 1151 2449 1221 pater,

195 1240 506 1299 nunquam
557 1221 734 1279 servis
781 1217 896 1277 suis
941 1212 1214 1297 apparuit
1257 1216 1423 1277 Deus
1470 1216 1561 1293 vel
1612 1236 1721 1297 per
1778 1238 1843 1279 se
1886 1215 1983 1281 vel
2027 1236 2137 1297 per
2180 1215 2447 1308 angelon,
2576 1230 2579 1237 '

245 1295 352 1354 uin
413 1294 732 1355 illustribus
803 1290 960 1353 notis
1018 1312 1260 1368 pmnem
1317 1293 1695 1379 dubitationis
1750 1292 2081 1377 scrupulum
2152 1304 2450 1368 eximeret,

197 1316 420 1431 :leinde
468 1370 692 1449 Spiritu
739 1368 1104 1429 discretionis
1155 1388 1258 1429 eos
1305 1368 1648 1443 instrueret,
1702 1390 1783 1429 ne
1842 1370 1969 1451 quis
2015 1367 2251 1429 fallaciis
2297 1378 2453 1429 esset

197 1446 389 1507 locus.
468 1446 782 1506 Caeterum
821 1444 1034 1505 diserte
1071 1443 1286 1505 Paulus
1326 1464 1543 1505 nomen
1568 1444 1683 1505 Dei
1720 1446 1809 1507 sui
1848 1446 2107 1509 celebrat
2146 1445 2299 1525 apud
2340 1444 2449 1505 bo-

197 1523 392 1583 miues
427 1520 734 1601 profanos,
773 1542 898 1581 non
937 1519 1114 1581 modo
1153 1532 1221 1581 ut
1259 1520 1484 1581 discant
1519 1521 1579 1579 in
1618 1520 1831 1581 Iudaea
1870 1521 1986 1583 coli
2008 1540 2209 1581 verum
2231 1521 2450 1597 Deum,

197 1598 309 1659 sed
347 1597 522 1657 etiam
560 1608 902 1679 agnoscant,
943 1598 1068 1657 eius
1115 1597 1402 1658 cultorem
1440 1596 1687 1657 Paulum
1722 1598 1909 1677 ipsum
1949 1615 2090 1656 esse.
2164 1596 2453 1658 Sciebant

201 1692 444 1747 omnes,
493 1694 598 1733 cur
644 1674 946 1734 coniectus
995 1684 1148 1733 esset
1193 1673 1257 1731 in
1303 1672 1563 1733 vincula:
1628 1694 1785 1735 nunc
1836 1694 2015 1752 quum
2074 1692 2107 1731 e
2154 1672 2323 1734 coelo
2373 1674 2449 1733 ad

197 1747 1012 1886 5¹2¹?s‘0'5322mdmgx1‘323’1
1051 1749 1547 1885 ἶὲἷῗῧῗέἳηξῖἓί-
1580 1760 1863 1887 ῗῖἓξῖΰ
1879 1747 2451 1885 εῗὲἶὶῗὲἑὲἷὲἒέῗ

239 1913 442 1961 nterea
477 1900 732 1961 videmus
771 1912 839 1961 ut
872 1845 1088 1963 Paulngis
1124 1900 1372 1961 vinculis
1408 1900 1758 1983 triumphet,
1809 1845 1947 1963 dim
1982 1911 2079 1966 tot
2117 1900 2451 1963 hominibus

199 1978 470 2038 minister
507 1989 598 2038 est
633 1976 830 2039 salutis
867 1989 928 2039 et
964 1976 1082 2038 Dei
1121 1977 1431 2057 interpres.
2222 1979 2231 1989 '
2382 2018 2387 2025 -

351 2058 448 2119 24.
522 2054 620 2115 Ne
663 2057 892 2128 timeas,
949 2054 1158 2115 Paule.
1233 2054 1459 2117 Sedulo
1509 2053 1623 2115 buc
1670 2054 1992 2133 incumbit,
2042 2066 2113 2115 ut
2157 2054 2261 2114 uni
2307 2054 2445 2115 Deo

199 2128 452 2212 gloriam
488 2130 850 2193 liberationis
889 2143 1124 2207 asserat,
1161 2150 1240 2191 ne
1277 2130 1423 2190 salso
1464 2150 1591 2190 eam
1627 2132 2011 2212 superstitiosi
2044 2132 2117 2193 ad
2150 2153 2251 2192 sua
2288 2130 2449 2191 idola

199 2206 584 2267 transferant:
646 2219 706 2267 et
762 2208 876 2266 boe
921 2208 1103 2268 modo
1153 2208 1224 2265 ad
1273 2217 1495 2265 rectam
1542 2206 1715 2268 fidem
1764 2228 1869 2269 eos
1922 2210 2147 2268 invitat.
2224 2208 2447 2267 Verum

199 2281 340 2341 hinc
378 2292 560 2360 patet,
601 2292 816 2362 quanta
855 2282 930 2340 sit
966 2280 1266 2341 bominum
1345 2280 1577 2353 ravitas‚
1616 2282 1777 2361 quod
1800 2303 1967 2343 aures
1998 2282 2275 2341 claudunt
2294 2282 2449 2343 sanis

203 2370 268 2418 et
301 2354 628 2422 salubribus
666 2353 956 2429 consiliis,
993 2369 1056 2416 et
1090 2356 1280 2416 statim
1381 2355 1435 2415 ei
1470 2356 1747 2436 gratiam,
1796 2359 2049 2438 quamvis
2088 2358 2445 2419 familiariter

201 2433 316 2493 illis
355 2433 699 2506 innotuerit,
738 2429 1182 2506 obliviscuntur,
1219 2432 1360 2504 imo,
1401 2431 1561 2510 quod
1610 2432 1863 2493 deterius
1916 2445 2033 2506 est,
2078 2444 2447 2513 praesentem

207 2521 268 2570 et
303 2507 416 2568 sibi
461 2519 598 2568 ante
646 2505 852 2568 oculos
911 2507 1166 2586 positam
1211 2527 1338 2568 non
1383 2507 1586 2570 vident
1620 2527 1731 2570 nec
1767 2510 2044 2585 sentiunt.
2126 2509 2442 2588 Utcunque

203 2597 397 2646 autem
435 2582 622 2645 maior
657 2603 790 2663 pars
825 2582 1054 2664 ingrata
1091 2582 1288 2658 fuerit,
1327 2603 1452 2645 non
1490 2595 1685 2644 tamen
1722 2584 1846 2645 sine
1879 2586 2073 2646 fructu
2098 2585 2447 2666 patefactum

205 2662 318 2721 fuit
353 2659 470 2720 boc
508 2659 828 2733 oraculum,
867 2660 986 2719 imo
1029 2659 1142 2718 hoc
1179 2658 1370 2738 ipsum
1450 2659 1653 2734 rosuit,
1690 2661 1856 2720 reddi
1892 2659 2305 2720 inexcusabiles
2346 2662 2447 2740 qui

205 2736 398 2799 sibiin
437 2735 676 2797 fallaciis
697 2735 866 2794 nimis
904 2734 1304 2816 indulgebant.
1451 2735 1567 2796 uod
1602 2748 1793 2796 autem
1836 2737 2053 2796 dictum
2094 2735 2224 2811 suit,
2262 2756 2449 2817 opor·-

205 2827 330 2874 tere
365 2812 489 2873 sisti
529 2811 798 2886 Caesari,
848 2811 962 2872 bue
1010 2810 1340 2892 spectabat,
1389 2824 1459 2874 ut
1506 2813 1639 2892 pios
1682 2813 1865 2895 magis
1913 2812 2287 2874 confirmaret
2322 2813 2447 2874 eius

207 2888 528 2965 confessio,
577 2887 682 2948 ubi
719 2888 1008 2948 admoniti
1057 2898 1278 2963 essent,
1326 2889 1564 2970 prodire
1612 2909 1645 2950 a
1681 2889 1817 2950 Deo
1853 2900 2063 2950 testem
2102 2888 2441 2950 asserendae

205 2967 362 3028 Evan
409 2965 503 3026 elii
543 2964 842 3025 doetrinae
881 2976 1046 3024 ccrto
1087 2963 1456 3039 destinatum,
1498 2976 1560 3024 et
1596 2965 1660 3024 in
1700 2965 1857 3026 hune
1892 2985 2061 3025 usum
2096 2965 2329 3026 servari.

420 3045 612 3101 mavit
645 3039 748 3100 aba·
781 3061 976 3100 omes
1021 3044 1266 3102 atinias.
1343 3043 1597 3102 Videtur
1638 3042 1886 3102 innuere
1933 3041 2148 3116 Lucas„
2198 3040 2445 3102 Paulum

207 3139 324 3178 non
363 3118 696 3198 modo‘pro
733 3138 832 3194 se,
865 3117 969 3177 sed
1009 3136 1118 3198 pro
1158 3116 1282 3179 aliis
1321 3140 1441 3198 quo
1484 3139 1559 3179 ue
1598 3137 1825 3192 orasse,
1862 3129 1929 3176 ut
1966 3137 2169 3179 omnes¹
2208 3115 2371 3179 Deus
2409 3137 2447 3178 e

206 3194 878 3329 Ξὲξῗῗὲἳηὶῗὲῗῖζη
890 3195 996 3330 Fila
1008 3193 2257 3333 ‘³335epflisssslim‘ffi’mffffiffi0⁶53?‘St
2278 3215 2447 3332 ⁰332:

207 3311 827 3480 assessis?
884 3345 1414 3482 trassssffrm
1434 3313 2443 3482 „sffffssszizzffz{2⁹:¹32-

205 3499 326 3556 Nec
362 3514 504 3555 vero
545 3516 759 3556 novum
799 3463 908 3570 εέῑ,
945 3495 1070 3556 eius
1109 3443 1588 3558 benedicifonem
1626 3445 1699 3558 ab
1736 3442 2009 3578 inldignos
2048 3444 2299 3572 externi,
2338 3445 2443 3578 (libi

206 3572 396 3652 aliquo
434 3571 724 3632 societatis
763 3593 914 3632 nexu
949 3571 1216 3633 fidelibus
1254 3574 1555 3634 coniuncti
1605 3586 1758 3635 sunt.
1794 3574 1887 3634 Ita
1910 3573 2205 3634 Sodomae
2226 3593 2443 3654 peper-

207 3649 402 3724 cisset,
443 3647 492 3708 si
529 3647 748 3727 reperti
784 3648 903 3709 illie
941 3648 1184 3708 fuissent
1221 3648 1425 3709 decem
1462 3649 1641 3731 probi
1686 3649 1966 3710 homines.
2042 3650 2157 3709 Hic
2206 3651 2443 3727 quaeri-

205 3736 314 3798 tur,
391 3734 636 3784 uatenus
673 3723 860 3804 impiis
897 3724 1084 3806 prosit
1121 3725 1475 3786 Sanctorum
1508 3726 1823 3808 integritas.
1882 3725 2145 3786 Primum
2180 3723 2444 3787 tollenda

209 3811 291 3860 est
387 3821 418 3859 a
461 3800 698 3860 istarum
747 3800 1116 3880 superstitio,
1167 3801 1267 3882 qui
1314 3802 1453 3861 dum
1501 3802 1745 3862 audiunt
1790 3801 1863 3870 in,
1900 3801 2149 3884 gratiam
2207 3799 2441 3881 piorum

207 3875 364 3936 malis
455 3875 722 3949 enefieri,
759 3875 892 3936 illos
929 3877 1222 3938 somniant
1255 3877 1627 3953 mediatores,
1665 3877 1766 3970 qui
1804 3877 2025 3938 meritis
2060 3876 2177 3937 suis
2215 3877 2439 3938 mundo

209 3950 442 4012 salutem
501 3952 838 4032 impetrent.
913 3953 990 4012 In
1040 3971 1114 4012 eo
1166 3964 1357 4014 autem
1408 3953 1499 4014 bis
1546 3953 1709 4020 stulti
1759 3966 1894 4014 sunt
1944 3964 2004 4012 et
2050 3953 2441 4031 praeposteri,

211 4025 360 4106 quod
413 4027 555 4088 baec
603 4027 866 4088 vivorum
913 4025 1109 4110 elogia
1155 4029 1397 4090 trabunt
1432 4026 1505 4090 ad
1555 4043 1840 4104 mortuos,
1892 4048 2003 4086 nec
2050 4028 2217 4088 aliter
2265 4049 2439 4106 quam

207 4102 640 4239 ἓεῖῗέξέῑὲἑῗὲῗ
657 4103 1172 4261 Βῗέῑιῖἱδζὲἷῖἶ
1193 4103 2435 4261 §ffizssssssumi‘sst't‘,2232ssssssssae

207 4265 314 4315 tam
359 4255 478 4317 Dei
525 4253 850 4318 bonitatem
902 4255 1235 4321 obscurant.
1312 4259 1437 4320 Iam
1488 4271 1557 4320 ut
1615 4255 1975 4338 propositam
2034 4261 2435 4338 quaestionem

2590 4477 2599 4486 ·
2692 4382 2781 4648 A
