2788 4713
297 211 414 277 216
1083 206 1173 272 IN
1209 206 1437 271 ACTA
1472 204 1763 271 APOST.

301 356 709 445 praeputium
768 351 1086 421 habentes
1147 355 1471 443 ingressus
1539 376 1609 421 es
1622 404 1641 433 ,
1702 362 1771 421 et
1818 349 2161 419 comedisti
2212 370 2356 417 cnm
2404 346 2582 415 illie.

303 457 366 521 4.
409 456 691 522 Exorsus
739 466 950 523 autem
978 456 1210 522 Petrus
1237 456 1529 543 exposuit
1568 453 1701 519 illis
1724 452 1974 531 ordine,
2016 452 2271 518 dicens=
2314 450 2374 516 5.
2412 448 2581 537 Ego

305 576 480 621 eram
523 561 591 622 in
633 556 1038 647 urbetloppe
1082 576 1294 635 orans,
1337 566 1401 621 et
1434 555 1570 620 vidi
1610 555 1677 620 in
1718 565 1911 643 raptu
1945 555 2178 619 mentis
2216 552 2585 618 visionem:

301 676 537 745 nempe
576 679 689 725 vas
727 654 1056 745 quoddam
1101 654 1506 725 descendens
1548 676 1585 721 e
1630 652 1852 733 coelo,
1894 655 2081 741 quasi
2118 652 2391 718 linteum
2432 674 2586 721 ma-

305 778 526 844 gnum,
589 766 868 843 quatuor
929 758 1128 823 initiis
1183 754 1539 841 alligatum,
1600 754 1780 843 quod
1832 775 2040 841 usque
2084 751 2166 818 ed
2210 772 2313 817 me
2354 753 2587 819 venit=
2658 746 2681 760 '

303 860 364 923 6.
409 857 612 944 Quod
652 880 848 946 quum
885 860 1167 923 intentus⁴
1207 855 1700 935 considerarem,
1741 865 1897 921 tunc
1934 853 2071 919 vidi
2114 852 2586 942 quadrupedia

307 969 518 1024 terrae
575 968 638 1024 et
693 960 864 1024 feras
916 969 982 1023 et
1033 951 1286 1043 reptilia
1333 966 1399 1022 et
1460 978 1613 1022 aves
1680 954 1868 1023 coeli.
1954 957 2011 1021 7.
2066 954 2310 1021 Audivi
2348 964 2584 1020 autem

307 1081 538 1125 vocem
565 1058 884 1125 dicentem
927 1058 1110 1121 mihi:
1152 1054 1357 1142 Surge
1382 1057 1594 1135 Petre,
1634 1060 1839 1123 macta
1876 1065 1941 1120 et
1968 1076 2255 1121 vescere.
2310 1056 2371 1121 8.
2394 1038 2583 1121 Tum

313 1159 480 1236 dixi,
520 1160 946 1247 Nequaquam
986 1156 1302 1221 Domine:
1353 1161 1503 1245 quia
1546 1156 1711 1223 nihil
1753 1178 2033 1244 unquam
2078 1177 2417 1221 commune
2458 1156 2584 1222 vel

289 1260 706 1349 ‘immundum
750 1246 814 1321 in
859 1278 933 1326 es
971 1275 1184 1325 meum
1228 1258 1579 1343 ingressum
1627 1270 1743 1326 est.
1830 1261 1893 1323 9.
1942 1256 2311 1343 Respondit
2353 1268 2581 1323 autem

309 1362 464 1427 mihi
512 1382 638 1425 vox
688 1356 983 1424 secundo
1037 1378 1076 1423 e
1139 1357 1364 1437 coelo,
1444 1360 1635 1446 Quae
1688 1359 1873 1423 Deus
1924 1356 2282 1439 mundavit,
2358 1369 2431 1426 tu
2482 1380 2581 1424 ne

310 1460 604 1547 profana,
683 1460 783 1531 10.
823 1460 974 1524 Hoc
1020 1466 1230 1523 autem
1272 1458 1507 1525 factum
1552 1468 1649 1524 est
1686 1461 1899 1525 tertio.
1976 1456 2068 1525 'Et
2106 1480 2327 1525 rursus
2353 1462 2583 1525 omnia

312 1564 377 1625 in
423 1559 674 1625 coelum
716 1570 978 1645 recepta
1031 1569 1196 1626 sunt.
1301 1560 1401 1627 11.
1452 1560 1540 1627 Et
1586 1581 1743 1625 ecce
1788 1559 2017 1626 eadem
2071 1561 2233 1627 hora
2273 1571 2405 1625 tres
2446 1560 2581 1627 viri

311 1670 632 1726 steterunt
669 1682 878 1747 prope
923 1659 1212 1738 domum,
1253 1662 1321 1725 in
1365 1684 1494 1747 qua
1536 1659 1870 1740 sedebam,
1913 1665 2089 1727 missi
2128 1662 2215 1728 ad
2256 1684 2359 1727 me
2400 1660 2584 1728 Cae-

309 1782 515 1827 sarea..
597 1762 697 1828 12.
737 1763 928 1828 Iussit
967 1772 1177 1826 autem
1201 1760 1476 1848 Spiritus
1514 1782 1617 1827 me
1662 1785 1803 1827 cum
1846 1765 2009 1850 ipsis,
2043 1762 2369 1851 proficisci
2406 1759 2583 1827 nihil

313 1856 753 1930 haesitantem.
840 1864 1186 1928 Venerunt
1241 1872 1451 1929 autem
1494 1884 1741 1929 mecum
1788 1873 1854 1930 et
1894 1864 1962 1929 hi
2004 1886 2115 1929 sex
2156 1862 2405 1930 fratres.
2486 1862 2583 1927 Et

312 1965 585 2047 ingressi,
619 1985 834 2029 sumus
864 1963 1123 2035 domum
1146 1965 1296 2029 viri:
1341 1963 1439 2033 13.
1478 1964 1945 2052 Nuntiavitque
1983 1964 2193 2047 nobis,
2238 1962 2575 2051 quomodo

309 2064 579 2130 vidisset
603 2058 920 2150 Angelum
975 2064 1150 2129 domi
1191 2084 1350 2128 suae
1387 2074 1659 2129 stantem
1704 2088 1783 2131 ac
1824 2064 2142 2131 dicentem
2184 2063 2336 2131 sibi:
2378 2066 2577 2131 Mitte

315 2166 570 2252 ioppen·
607 2168 785 2233 viros
828 2176 894 2232 et
938 2186 1194 2238 accerse
1237 2162 1595 2245 Simonem,
1646 2168 1760 2253 qui
1799 2170 2287 2253 cognominatur
2328 2166 2577 2244 Petrus,

317 2266 416 2331 14.
467 2266 602 2362 Qui
651 2264 963 2354 loquetur
1020 2264 1142 2331 tibi
1182 2262 1416 2343 verba,
1484 2264 1721 2353 quibus
1783 2265 2147 2333 servaberis
2206 2278 2276 2333 tu
2328 2277 2395 2331 et
2440 2275 2579 2331 tota

319 2367 550 2434 domun
589 2379 714 2434 tua.
799 2369 900 2435 15.
949 2371 1157 2434 Porro
1201 2389 1397 2455 quum
1441 2388 1705 2434 exorsus
1734 2390 1953 2436 essem
1994 2367 2208 2456 loqui,
2267 2364 2577 2456 delapsus

318 2481 414 2533 cst
439 2467 711 2556 Spiritus
751 2479 1009 2535 sanctus
1051 2471 1120 2534 in
1160 2489 1292 2546 eos,
1335 2470 1499 2550 sicut
1544 2478 1609 2534 et
1650 2471 1719 2536 in
1760 2491 1884 2536 nos
1924 2472 2266 2562 principio.
2322 2469 2417 2534 16.
2442 2469 2575 2533 Re-

323 2567 626 2636 cordatus
665 2593 805 2636 sum
849 2581 1062 2635 autem
1103 2567 1292 2640 verbi
1330 2569 1635 2649 Domini,
1676 2569 2009 2657 quomodo
2055 2571 2343 2636 dixisset:
2392 2569 2576 2634 loan-

319 2691 442 2739 nes
489 2671 750 2758 quidem
791 2668 1146 2763 baptizavit
1187 2691 1371 2757 aqua,
1415 2692 1533 2742 vos
1572 2682 1781 2736 autem
1822 2669 2309 2758 baptizabimini
2332 2671 2575 2757 Spiritu

318 2781 564 2836 sancto.
645 2771 747 2836 17.
803 2771 1022 2858 Quum
1079 2789 1234 2854 ergo
1289 2791 1409 2856 par
1468 2769 1604 2836 illis
1658 2771 1897 2838 donum
1952 2771 2329 2838 contulisset
2368 2771 2577 2853 Deus,

321 2872 484 2939 siout
527 2881 591 2936 et
630 2869 854 2950 nobis,
921 2873 1036 2957 qui
1091 2869 1570 2942 credideramus
1626 2873 1695 2938 in
1735 2871 2091 2938 Dominum
2132 2873 2341 2938 Iesum
2384 2871 2576 2940 Chri-

323 2979 508 3048 stum,
551 2991 672 3055 ego
699 2973 844 3056 quis
887 2991 1078 3047 eram,
1121 2971 1233 3055 qui
1271 2991 1529 3054 possem
1556 2971 1909 3057 prohibere
1933 2973 2187 3039 Deum?
2230 2973 2329 3038 18.
2358 2972 2573 3062 Quum

323 3067 486 3132 haec
527 3069 883 3148 audissent,
945 3073 1330 3156 quieverunt
1390 3079 1455 3134 et
1508 3071 1955 3155 glorificarunt
1995 3073 2210 3138 Deum
2254 3073 2577 3146 dicentes}

320 3167 498 3256 Ergo
541 3181 605 3234 et
645 3167 944 3256 gentibus
983 3170 1170 3240 Deus
1210 3171 1675 3255 poenitentiam
1718 3171 1901 3242 dedit
1940 3178 2009 3248 in
2050 3179 2263 3246 vitam.
2292 3183 2330 3244 1

475 3323 530 3383 1.
604 3314 941 3384 Audiet-mu
975 3331 1178 3384 motem.
1259 3315 1445 3396 Quod
1503 3317 1711 3383 famam
1772 3321 1943 3384 unius
1993 3321 2199 3383 domus
2258 3341 2571 3386 conversae

321 3391 534 3480 passim
581 3393 740 3453 inter
788 3394 992 3460 fratres
1042 3394 1218 3460 fuisse
1256 3394 1549 3476 vulgatam
1584 3397 1771 3468 Lucas
1821 3411 2049 3473 narrat,
2109 3399 2169 3460 id
2220 3419 2286 3459 ex
2326 3397 2571 3462 admira-

323 3468 488 3527 tione
529 3481 731 3530 natum
772 3481 892 3532 est:
929 3471 1176 3532 monstri
1221 3471 1375 3531 enim
1416 3471 1553 3532 loco
1592 3473 1890 3536 habebant
1926 3477 2130 3541 Iudaei
2168 3475 2421 3560 gentiles
2459 3475 2571 3534 sibi

323 3563 505 3624 aggre
550 3547 665 3620 ari,
705 3569 828 3608 non
853 3569 1018 3610 secus
1057 3548 1172 3609 acsi
1217 3569 1285 3608 ex
1323 3548 1612 3628 lapidibus
1634 3551 1899 3613 homines
1922 3552 2205 3614 formatos
2240 3551 2569 3612 audiissent.

199 3632 206 3642 ‘
325 3621 514 3683 Obsta
593 3635 618 3682 t
657 3626 832 3690 etiam
869 3625 1214 3686 inmodicus
1253 3625 1463 3706 gentis,
1486 3648 1623 3692 suae
1663 3649 1859 3702 amor,
1950 3630 2223 3694 uominus
2260 3629 2377 3687 Dei
2428 3649 2569 3706 opus

324 3713 732 3781 agnoscerent.
825 3698 1098 3763 Videmus
1150 3703 1303 3760 enirn
1359 3715 1607 3783 propter
1660 3705 1805 3770 hanc
1846 3649 2229 3772 adibitionem
2267 3718 2330 3770 et
2368 3703 2573 3766 fastum

326 3775 619 3838 turbatam
659 3775 833 3843 fuisse
865 3778 1186 3852 ecclesiam,
1226 3777 1358 3869 quia
1381 3780 1721 3859 aequalitas,
1760 3801 1907 3860 quae
1930 3781 2277 3863 dignitatem
2316 3782 2571 3861 ipsorum

325 3852 646 3930 minuebat,
687 3875 809 3918 non
849 3866 977 3914 emt
1014 3854 1364 3916 tolerabilis:
1405 3857 1562 3916 uncle
1603 3869 1719 3917 tani
1760 3857 2137 3938 pertinaciter
2168 3869 2464 3918 certarunt
2498 3857 2570 3917 de

325 3931 600 4010 gentibus
653 3929 760 4068 sug
777 3973 790 4011 ·,
810 3931 1008 4014 iugum
1057 3931 1151 3990 adi
1198 3930 1386 3992 endis.
1480 3932 1597 3993 Sed
1650 3955 1844 4014 quum,
1878 3945 1973 3994 tot
2007 3934 2438 4016 Prophetarum
2475 3954 2573 3994 va-

323 4007 540 4067 ticiniis
579 4014 724 4088 prae'
750 4008 938 4089 ‘ictu-m
961 4007 1134 4080 foret,
1154 3951 1485 4078 {eclesiam
1518 4009 1877 4076 exomnibus
1916 4010 2148 4091 populis
2188 4009 2571 4091 colligenda-

327 4101 451 4162 esse
490 4097 628 4165 post
665 4080 907 4146 M'es'siae
948 4085 1287 4156 adventum,
1337 4094 1399 4142 et
1438 4085 1703 4147 Christus
1750 4088 2087 4146 mandatum
2122 4087 2427 4167 Apostolis
2470 4087 2571 4146 de-

328 4157 506 4219 disset
543 4161 618 4222 de
643 4161 962 4246 Evangelio
1003 4181 1110 4241 per
1146 4173 1338 4221 totum
1359 4157 1569 4222 orbem
1604 4163 2025 4244 praedicandos
2063 4164 2165 4245 qui
2196 4164 2323 4224 fieri
2363 4173 2573 4243 potest,

327 4244 398 4291 ut
432 4257 754 4314 paucorum
793 4236 1094 4306 hominum
1116 4236 1421 4300 conversio
1461 4237 1607 4302 alios
1644 4251 1919 4320 tanquam
1959 4239 2283 4302 inauditum
2304 4239 2569 4320 quiddam

327 4327 722 4394 mnimoveat,
755 4315 881 4384 aliis
918 4332 1060 4384 vero
1100 4323 1376 4404 tanquam
1415 4313 1751 4404 prodigium
1789 4316 1866 4380 sit
1902 4313 2143 4382 hor-nri?
2187 4314 2565 4396 Respondeo,
