2788 4713
777 247 1186 332 nrls‘rom
1221 253 1806 336 mammona.
2320 289 2388 332 xx

173 415 398 481 invidia
453 413 808 502 gravando,
869 419 1020 504 quia
1061 417 1370 483 videntur
1418 421 1664 505 'piorum
1720 429 1966 497 coetus,
2030 417 2263 508 quibus
2316 433 2387 484 se

171 516 436 602 improbi
493 519 616 582 isti·
645 515 1014 584 nebulones
1075 521 1487 605 permiscent,‘
1533 519 1841 605 quaedam
1898 541 2037 585 esse
2099 520 2385 587 sordium

171 621 444 682 omnium
483 617 899 702 receptacula
941 619 1359 683 ac·senti1iae.
1444 619 1555 684 Sic
1596 619 2136 700 dunr'Stancarus,
2166 621 2385 686 'bomo

171 716 530 781 tumultuosi
553 718 820 803 ingenii,
859 740 981 805 pro
1006 723 1121 784 su'a
1145 717 1507 784 ambitione
1535 741 1663 806 qua
1705 727 1874 782 totus
1902 721 2122 806 flagrat
2156 720 2385 786 deliria

173 839 286 880 sua
325 817 482 902 apud
531 837 658 882 vos
699 821 964 904 spargit,
1019 817 1166 884 hinc
1223 809 1432 904 eru'pit
1479 821 1843 896 contentio,
1914 841 2077 904 quae
2120 821 2384 908 dissipa-’-

177 919 398 980 tionem
434 917 718 1004 aliquam
757 921 1048 995 minatur,
1091 929 1151 983 et
1195 922 1462 1005 expositi
1504 920 1709 986 fuistis
1750 917 2093 983 multorum
2121 922 2387 1006 probris,

185 1021 322 1101 quia
368 1017 678 1083 creditum
733 1017 880 1082 fuit
893 1029 1126 1082 sectam
1163 1023 1315 1083 eius
1363 1012 1593 1085 latius
1604 1021 1892 1104 grassari.
1972 1019 2145 1084 Ecce
2189 1043 2263 1085 ex
2302 1018 2393 1088 al-

175 1125 300 1180 tera
333 1127 514 1203 parte
559 1117 854 1184 medicus
889 1119 1144 1203 quidam
1190 1099 1509 1205 Georgius
1544 1118 1893 1198 Brandata,
1934 1117 2243 1185 Stancaro
2285 1122 2392 1186 de·-

169 1219 387 1294 terior,
441 1239 582 1303 quo
621 1219 820 1302 magis
863 1205 1225 1284 detestabili
1269 1241 1488 1284 errore
1526 1218 1827 1285 imbutus*
1846 1230 1941 1285 est
1994 1231 2059 1285 et
2098 1220 2259 1306 plus
2291 1225 2397 1286 ὀο-

167 1315 376 1381 cultae
403 1315 798 1382 virulentiae
849 1320 922 1384 in
962 1321 1174 1384 animo
1195 1309 1394 1384 a'lit.
1426 1319 1579 1404 Quo
1622 1301 1807 1384 etiam
1850 1319 1993 1407 plus
2044 1318 2397 1406 reprehen-

165 1418 356 1480 sionis
391 1427 688 1482 meretur
717 1435 939 1484 eorum
981 1417 1275 1497 facilitas,
1328 1417 1499 1504 apud
1542 1439 1704 1504 quos
1716 1419 2059 1486 Sex-vetica
2097 1423 2396 1507 impietas

167 1525 396 1582 tantmn
435 1517 686 1584 favoris
723 1517 941 1586 subito
983 1519 1216 1605 adepta
1260 1528 1371 1585 esta
1422 1519 1825 1605 Quanquam
1845 1523 2014 1586 enim
2054 1539 2397 1608 persuasus

167 1639 316 1694 sum,
353 1642 392 1684 a
434 1621 768 1706 perversis
806 1619 936 1684 illis
978 1631 1044 1684 et
1079 1616 1413 1708 sacrilegis,
1455 1618 1859 1706 dogmatibus
1895 1631 2177 1687 remotos
2232 1641 2392 1714 esse,

173 1721 478 1784 cautiores
515 1729 734 1786 tamen
771 1739 913 1784 esse
948 1722 1244 1807 oportuit,
1267 1739 1364 1784 ne·
1392 1741 1465 1785 se
1504 1722 1573 1786 in
1604 1737 1822 1786 eorum
1864 1721 2391 1814 consuetudinem

172 1820 512 1884 insinuaret
555 1819 724 1883 haec
772 1817 1014 1904 vulpes,
1095 1821 1274 1907 Quia
1325 1823 1651 1908 nimquam
1704 1819 1977 1886 deerunt
2028 1821 2393 1890 huiusmodi

170 1929 387 2004 pestes,
425 1939 650 2004 neque
699 1926 978 2004 unquam
1017 1917 1275 1988 desinet
1309 1921 1518 1997 Satan,
1560 1921 1678 1986 bos
1712 1919 1867 1986 ‘sibi-
1882 1921 2153 1988 devotos
2194 1921 2393 1986 athle-

169 2027 256 2082 tas
313 2019 396 2085 ad
467 2017 790 2084 turbanda
852 2019 1192 2104 Evangelii
1244 2020 1559 2106 principia
1621 2023 1687 2085 in
1754 2023 1979 2088 acie'm·
2017 2019 2395 2107 producere,

167 2117 348 2183 nobis
387 2129 884 2204 perseveranter
922 2121 986 2185 in
1028 2112 1364 2221 procinctu
1404 2120 1693 2185 standum
1735 2131 1863 2185 est.
1916 2131 2105 2208 atque
2146 2132 2218 2186 ut
2256 2137 2394 2208 gra-

167 2219 451 2284 vioribus
509 2219 694 2284 malis
746 2217 1001 2285 obviam
1055 2217 1268 2296 eatur,
1331 2220 1775 2286 constituenda
1828 2219 2015 2286 vobis
2073 2233 2173 2287 est
2217 2232 2395 2288 recta

169 2319 502 2408 probaque
541 2317 1025 2409 gubernationis
1065 2322 1258 2399 ratio,
1310 2342 1477 2408 quae
1526 2321 1741 2387 fidelis
1780 2305 1889 2387 est
1924 2329 2181 2387 sanctae
2219 2324 2399 2407 pacis

169 2423 471 2487 custodia.
549 2422 715 2486 Nam
766 2430 838 2485 ut
889 2424 1155 2486 animam
1199 2420 1535 2489 Ecclesiae
1587 2431 1870 2487 constat
1886 2433 2045 2485 esse
2066 2421 2395 2486 doctrinae

173 2524 521 2605 puritatem,
555 2524 644 2587 ita
685 2518 1085 2606 disciplinam
1125 2524 1343 2587 nervis
1373 2518 1669 2587 conferre
1700 2522 1931 2585 merito
1963 2519 2131 2595 licet,
2164 2520 2397 2605 quibus

176 2618 536 2685 devinctum
569 2632 632 2685 et
679 2640 1032 2687 connexum
1080 2620 1313 2707 corpus
1349 2621 1713 2684 firmitatem
1756 2638 1933 2681 suam
1974 2627 2203 2682 tuetur.
2267 2620 2396 2684 lam
2428 2660 2439 2669 ·

173 2720 370 2787 altera
411 2744 492 2787 ex
537 2730 716 2809 parte
765 2722 1044 2789 studium
1094 2732 1374 2785 vestrum
1432 2738 1663 2779 acuere
1714 2714 1915 2779 debet
1963 2714 2231 2781 aliorum
2285 2718 2402 2785 ho-

171 2822 350 2885 stium
399 2822 794 2909 improbitas.
875 2822 1156 2886 Romani
1206 2816 1577 2888 Antichristi
1629 2834 1983 2901 praecones
2038 2815 2216 2883 dico:
2284 2821 2397 2906 qui

175 2930 242 2985 ut
299 2923 514 2987 fucum
583 2921 854 2987 rudibus
908 2921 1169 2999 faciant,
1229 2938 1469 2985 nomen
1529 2914 1860 2981 Ecclesiae
1929 2936 2167 2983 sonora
2232 2940 2393 2984 voce

176 3022 420 3087 assidue
463 3020 866 3089 ebuccinant.
948 3021 1053 3085 De
1095 3019 1388 3085 Ecclesia
1430 3016 1591 3084 nibil
1630 3020 1801 3081 inter
1840 3035 1960 3081 nos
2004 3025 2098 3081 est
2140 3028 2398 3083 contro-

174 3126 444 3200 versiae,
493 3124 644 3209 quin
686 3119 1056 3187 veneranda
1101 3118 1397 3186 omnibus
1434 3120 1563 3183 Dei
1604 3116 1758 3183 filiis
1796 3136 1941 3180 esse
1980 3114 2218 3183 debeat
2260 3122 2397 3184 eius

177 3228 534 3302 auctoritas,
590 3226 714 3289 nisi
759 3222 934 3308 quod
985 3220 1085 3287 illi
1126 3219 1246 3287 sub
1299 3218 1515 3284 fallaci
1568 3218 1835 3285 honoris
1873 3226 2203 3301 praetextu
2240 3239 2396 3281 suae

177 3320 422 3389 libidini
463 3322 802 3389 umbratile
843 3320 1170 3387 Ecclesiae
1209 3342 1447 3386 nomen
1486 3319 1853 3383 subiiciunt:
1900 3336 2023 3382 nos
2063 3320 2149 3379 ita
2174 3315 2397 3381 Eccle-

179 3426 322 3488 siam
363 3446 440 3489 ex
483 3424 694 3489 animo
735 3444 1130 3500 reveremur,
1183 3430 1256 3486 ut
1294 3440 1541 3485 sacrum
1586 3422 1723 3483 eius
1752 3432 2025 3487 nomem
2050 3416 2396 3502 profanare

179 3544 475 3589 summum
515 3524 686 3609 apud
737 3542 858 3588 nos
911 3525 990 3588 sit
1029 3520 1229 3586 nefas.
1307 3521 1400 3585 Ut
1455 3518 1619 3585 alios
1673 3521 1951 3583 omittam
2008 3521 2153 3603 pios
2193 3515 2399 3583 *sanae

183 3644 496 3712 puraeque
537 3623 868 3688 doctrinae
909 3624 1246 3699 ministros,
1288 3642 1326 3685 a
1366 3642 1469 3685 me
1495 3624 1619 3684 iam
1660 3618 1931 3683 antehae
1962 3618 2397 3701 compluribus

187 3724 246 3785 in
278 3722 436 3791 loeis
477 3744 686 3811 prope
731 3721 812 3788 ad
853 3719 1172 3787 fastidium
1210 3723 1443 3805 agitata
1484 3719 1605 3783 fuit
1644 3718 1804 3783 haec
1844 3722 2160 3805 quaestio,
2202 3740 2396 3807 quum

185 3822 258 3887 de
305 3824 592 3891 Ecclesia
645 3844 858 3889 sermo
913 3820 1216 3900 habetur,
1280 3825 1463 3885 cuius
1514 3829 1704 3905 caput
1759 3830 1857 3885 est
1897 3818 2100 3885 Filius
2142 3820 2288 3895 Dei,
2334 3827 2399 3882 et

187 3946 358 4009 quam
394 3923 597 4004 idem,
637 3925 750 4010 qui
789 3922 938 3988 fons
979 3932 1076 3987 est
1112 3926 1284 3986 vitae
1324 3932 1655 3998 aeternae,
1706 3918 1949 4004 Spiritu
1988 3940 2107 3985 suo
2149 3936 2401 4002 semper

187 4034 450 4109 vegetat,
515 4046 706 4110 quam
765 4020 1108 4091 ridiculum
1175 4024 1258 4087 sit
1323 4019 1611 4087 mutilum
1676 4021 1887 4104 capite
1952 4037 2071 4085 suo
2144 4035 2399 4103 corpus,

189 4120 408 4191 deinde
467 4134 790 4193 mortuum
853 4122 1131 4187 cadaver
1190 4122 1499 4209 proferre.
1612 4116 1961 4187 Clamitent
2020 4120 2399 4183 mercenarii

187 4218 384 4311 Papae
422 4222 822 4303 adulatores,
869 4244 952 4294 su
981 4222 1330 4288 Ecclesiam
1381 4218 1642 4285 habere.
1735 4218 1982 4281 Verum
2038 4218 2118 4280 sit
2166 4234 2398 4294 necne,

195 4324 350 4409 quod
385 4328 640 4407 iactant,
677 4344 818 4394 non
857 4322 1119 4393 aliunde
1161 4322 1390 4417 melius
1428 4326 1642 4409 potest
1670 4316 1995 4403 cognosci,
2026 4334 2213 4402 quam
2246 4315 2395 4381 dum

1370 4536 1409 4572 q
