2788 4713
2388 24 2401 32 a

1042 211 1315 276 CAPUT
1362 213 1584 276 xxm.
2293 227 2416 294 433

248 389 255 396 .
323 361 383 422 5,
456 351 814 433 Νωςεῶωι,
842 337 1103 434 flames,
1180 355 1416 432 Quibus
1451 349 1682 420 videtui·
1726 361 1872 423 haec
1893 362 2086 430 Pauli.
2117 367 2408 436 excusatio

144 431 357 516 figura
394 452 623 506 carere,
670 452 796 492 non
840 432 973 492 satis
1010 433 1085 491 ad
1122 433 1442 496 contrarias
1481 433 1847 498 obiectiones
1869 435 2192 502 'attendunt
2272 443 2408 524 qui-

146 510 279 569 hus
318 507 607 568 refellitur
639 508 899 588 ipsorum
940 527 1123 568 error.
1198 509 1424 569 Dicunt
1459 510 1730 592 ignotum
1767 511 1940 572 fnisse
1975 515 2157 578 Paulo
2197 484 2409 580 bonti-

144 585 372 662 ficem,
423 587 555 664 quia
596 584 696 644 diu
735 581 1027 643 abfuerat:
1078 586 1239 663 quasi
1272 605 1422 668 *vero
1461 585 1576 648 hoc
1616 606 1750 646 eum
1786 587 2048 663 latuerit,
2093 595 2406 658 sacerdotii

146 661 403 724 honore
440 658 700 740 pollere,
754 660 853 752 qui
889 658 951 718 in
993 671 1169 721 coetu
1206 661 1544 741 praesideat.
1621 663 1748 724 Nec
1784 683 1926 725 vero
1967 677 2083 726 tam
2123 669 2406 736 obscurus

148 749 296 797 erat
331 735 604 809 Ananias,
643 749 708 796 ut
745 755 867 796 ems
904 735 1145 816 gradum
1184 739 1438 798 nesciret
1471 737 1702 800 Paulus.
1766 739 1886 800 Sed
1926 741 2048 801 eius
2085 744 2260 806 verba
2297 769 2406 809 an-

147 834 289 873 sam
342 812 719 892 disputationi
762 811 1137 906 praecidunt,
1194 813 1329 873 dum
1381 832 1516 874 eum
1563 812 1855 910 obiurgat·
1875 817 2057 895 quod,
2103 833 2406 898 praetextu

10 908 16 946 ε
143 888 347 972 Legis
383 889 579 948 sedem
616 887 817 949 iudicis
844 908 1177 968 toccupans‚
1227 901 1432 952 contra
1471 890 1694 974 Legem
1741 904 2206 985 intemperanter.
2247 896 2404 960 fera..

11 991 13 996 ·
144 977 283 1024 tur.
352 961 611 1055 Agnovit
648 984 793 1056 ergo
829 963 1045 1055 Paulus
1084 985 1257 1044 quem
1295 965 1492 1028 locum
1527 979 1789 1053 teneret,
1843 989 1942 1048 qm
1981 988 2113 1030 eum
2153 991 2256 1032 sua
2333 994 2406 1035 o-

146 1052 377 1100 testate
414 1039 574 1100 abuti
612 1039 767 1100 dixit.
837 1038 956 1099 Alu
993 1052 1387 1101 commentum
1426 1063 1490 1102 ar
1571 1043 1684 1105 tius
1723 1063 1862 1106 exeo
1907 1045 2074 1120 itant,
2112 1046 2271 1127 quod
2290 994 2408 1111 zie

151 1118 240 1177 de
280 1116 518 1176 homine
554 1115 829 1196 loquutus
868 1135 992 1176 non
1030 1117 1123 1192 sit,
1160 1117 1262 1178 sed
1301 1117 1375 1178 de
1407 1139 1444 1179 o
1513 1121 1606 1180 cio
1645 1131 1706 1180 et
1731 1119 1852 1201 pub
1899 1141 1962 1181 ca
1993 1140 2272 1202 persona:
2312 1136 2404 1184 at-

9 1223 18 1254 ι
150 1193 267 1271 qui
348 1192 554 1250 timum
594 1206 793 1253 coacta
834 1203 924 1252 est
960 1211 1025 1252 ex
1070 1193 1272 1269 esitio,
1327 1195 1496 1274 quia,
1542 1196 1592 1254 si
1628 1196 1841 1266 Paulus
1885 1198 2272 1259 sacerdotium
2307 1221 2410 1262 re·

10 1297 13 1324 ι
144 1287 301 1328 vere
347 1279 511 1342 atur,
562 1267 789 1329 bomini
836 1269 937 1347 qui
986 1269 1089 1329 ilo
1128 1268 1422 1352 praeditus
1474 1283 1600 1335 erat
1647 1271 1850 1334 debuit
1893 1273 2110 1353 aliquid
2155 1273 2406 1340 bonoria

9 1371 18 1406 z
146 1341 413 1403 deferre.
491 1343 615 1408 Iam
652 1351 794 1406 vero
835 1341 1113 1406 credibile
1152 1366 1276 1406 non
1316 1357 1434 1420 est,
1559 1368 1660 1408 nm
1705 1347 1921 1410 abolita
1961 1359 2112 1410 esset
2135 1349 2410 1414 -adventu

8 1426 18 1482 ξ
148 1419 385 1503 Christi
422 1419 733 1480 sacerdotii
768 1419 1050 1498 maiestas,
1090 1431 1151 1480 et
1180 1434 1424 1513 sequuta
1462 1444 1495 1483 a
1538 1442 1610 1484 eo
1647 1422 1834 1515 turpis
1861 1425 2403 1506 profanatio3·Pau-·

146 1495 315 1571 lum,
366 1495 530 1578 quasi
578 1498 802 1578 integra
854 1493 1039 1560 adbuc
1078 1508 1139 1557 et
1174 1497 1434 1580 legitima
1512 1509 1728 1569 otestas
1764 1511 2024 1582 vigeret,
2071 1499 2250 1564 solito
2289 1503 2404 1565 bo·-

141 1591 311 1633 nore
347 1584 767 1652 prosequutum
808 1570 979 1632 fuisse
1019 1572 1121 1654 qui
1158 1585 1299 1636 tunc
1336 1573 1444 1636 sub
1467 1519 1824 1636 {ontificum
1858 1575 2033 1638 titulo
2069 1576 2235 1640 nullo
2273 1579 2404 1640 iure

142 1647 629 1710 dominabantur.
722 1645 854 1730 Ego
914 1647 1111 1728 itaque
1162 1650 1493 1788 Λιιῗιιειίιιο
1549 1648 1920 1712 subscribens
1988 1673 2113 1712 non
2159 1653 2404 1732 dubito,

8 1752 11 1787 ;
140 1726 304 1806 quin
342 1723 485 1784 baec
521 1724 748 1785 ironica
782 1724 859 1784 sit
896 1724 1205 1788 excusatio.
1340 1746 1407 1786 ec
1455 1723 1653 1786 obstat
1700 1725 1860 1806 quod
1907 1727 2204 1790 ministros
2245 1731 2402 1792 veri-

142 1802 293 1866 tatis
332 1801 503 1860 decet
539 1798 778 1882 simplex
818 1801 1024 1861 oratio.
1099 1800 1299 1876 Quum
1340 1801 1498 1862 enim
1536 1800 1746 1882 duplex
1779 1801 1856 1864 sit
1887 1804 2110 1863 ironiae
2145 1807 2396 1884 speciesz

138 1898 307 1952 unu,
345 1897 494 1957 quae
530 1876 771 1936 fallendi
809 1877 1056 1937 artificio
1094 1875 1249 1938 tecta·
1286 1889 1408 1954 est,
1454 1875 1667 1951 altera,
1705 1897 1852 1969 quae
1885 1879 1969 1939 sic
2007 1879 2254 1962 figurate
2291 1883 2400 1942 de-

8 2000 10 2015 .
139 1955 351 2036 signat
384 1973 509 2012 rem
548 1953 622 2013 de
661 1973 773 2042 qua
812 1953 1035 2032 agitur,
1088 1963 1157 2012 ut
1193 1953 1376 2015 acrius
1416 1963 1666 2036 pungat:
1718 1974 1781 2013 ιιι
1820 1952 1927 2016 bac
1963 1955 2217 2016 secunda
2252 1957 2402 2022 nihil

140 2043 251 2094 est
286 2028 460 2090 servis
501 2029 721 2090 Cbristi
756 2028 1077 2110 iudignum.
1152 2027 1370 2089 Sensus
1409 2048 1554 2110 ergo
1592 2027 1910 2091 verborum
1949 2041 2056 2106 est,
2090 2031 2246 2114 Ego,
2282 2025 2400 2096 fra-1

138 2121 301 2182 tres,
340 2105 401 2165 in
442 2105 555 2165 boc
594 2103 831 2166 bomine
868 2104 1014 2164 nibil
1051 2123 1307 2196 agnosco
1346 2103 1724 2166 sacerdotale.
1799 2103 1984 2168 Addit
2020 2107 2194 2170 etiam
2232 2113 2398 2170 testi-

137 2181 421 2246 monium
462 2201 529 2241 ex
564 2181 887 2263 222capite
924 2181 1111 2241 Exodi
1146 2203 1199 2240 v.
1236 2185 1355 2256 28„
1396 2179 1499 2241 ubi
1534 2181 1764 2244 tametsi
1797 2183 2040 2264 proprie
2079 2184 2152 2244 de
2190 2181 2402 2247 iudici-

136 2261 267 2322 bus
306 2257 566 2340 loquitur
602 2259 825 2330 Moses,
877 2257 1205 2318 extenditur
1254 2268 1453 2317 tamen
1499 2259 1788 2322 sententia
1824 2257 1896 2318 ad
1935 2259 2195 2339 quemvis
2233 2260 2400 2325 ordi-

136 2355 291 2397 nem
329 2333 673 2417 legitimum.
732 2331 945 2394 Omnis
986 2352 1129 2425 ergo
1171 2331 1438 2414 dignitas,
1478 2351 1628 2413 quae
1664 2331 1918 2393 tuendae
1955 2333 2194 2414 politiae
2232 2358 2401 2403 causa

140 2414 421 2475 instituta
459 2421 577 2486 est,
622 2410 895 2491 religiose
946 2408 1063 2471 coh
1112 2406 1291 2470 debet
1336 2428 1405 2471 ac
1450 2408 1510 2467 in
1547 2408 1779 2469 honore
1817 2407 2037 2469 baberi.
2115 2410 2399 2504 Quisquis

146 2490 315 2551 enim
354 2487 775 2549 contumeliose
821 2485 1071 2576 insurgit
1116 2484 1381 2545 adversus
1421 2482 1821 2578 Magistratum
1870 2494 1930 2544 et
1969 2504 2070 2545 eos
2146 2486 2246 2569 qui
2283 2504 2396 2566 un-

197 2564 325 2625 erio
374 2562 465 2625 vel
512 2562 745 2623 honore
788 2560 1043 2654 praediti
1088 2570 1252 2635 sunt,
1303 2559 1631 2623 anarcbiam
1676 2581 1748 2641 ap
1792 2556 1917 2620 etit.
1994 2526 2152 2622 Tafis
2200 2558 2397 2625 auiem

146 2588 337 2703 iibido
377 2638 447 2699 ad
484 2638 985 2720 perturbationem
1023 2636 1243 2698 ordinis
1280 2646 1534 2717 spectat:
1586 2636 1706 2698 imo
1787 2636 2160 2697 umanitatem
2212 2638 2232 2697 i
2273 2661 2396 2713 sam

147 2716 438 2810 concutit.
509 2715 661 2776 Ideo
700 2714 773 2775 ab
814 2712 927 2805 boc
966 2712 1209 2775 crimine
1246 2731 1308 2773 se
1386 2725 1560 2795 urgat
1593 2711 1831 2803 Paulus,
1867 2713 1971 2773 sed
2008 2711 2090 2774 ita
2127 2724 2194 2773 ut
2289 2736 2396 2805 na-

146 2803 726 2932 maressa
740 2788 1353 2958 ¹25¹„335553zfi‘2523
1397 2789 1805 2927 effusum
1848 2788 2396 2956 &affluis

146 2944 475 3027 parendum
519 2944 595 3005 sit
680 2941 917 3025 rincip1‚
966 2962 1223 3023 quamvis
1258 2941 1626 3023 tyrannidem
1665 2950 1954 3003 exerceat:
2003 2962 2138 3001 nam
2185 2964 2234 3002 si
2283 2942 2392 3004 bo-

148 3041 304 3083 nore
382 3020 643 3081 rivandus
683 3040 805 3079 non
845 3030 949 3091 est,
988 3018 1089 3098 qui
1124 3016 1275 3079 male
1313 3017 1513 3081 officio
1553 3018 1842 3101 fungitur,
1880 3018 2145 3111 peccavit
2175 3014 2393 3081 Paulus

146 3098 331 3160 Ponti
376 3118 503 3159 cem
536 3094 766 3164 bonore
803 3094 1074 3175 spol'ans.
1162 3094 1550 3177 Respondeo‚
1595 3095 1752 3155 inter
1789 3094 1986 3155 civiles
2023 3092 2393 3175 Magistratus

150 3188 217 3235 et
252 3172 547 3235 Ecclesiae
580 3170 875 3263 praesules
912 3193 943 3233 a
970 3170 1128 3252 iquid
1170 3190 1293 3233 esse
1332 3170 1692 3233 discriminis.
1759 3168 2040 3260 Quamyis
2076 3172 2230 3259 enim
2267 3180 2394 3233 ter-

148 3252 281 3313 reni
316 3248 411 3312 vel
450 3247 627 3313 civilis
666 3248 892 3327 imperii
930 3248 1171 3309 confusa
1210 3247 1286 3309 sit
1321 3266 1714 3328 perversaque
1759 3246 2209 3322 administratio,
2257 3244 2392 3308 Do-

146 3328 339 3387 minus
374 3336 573 3386 tamen
612 3322 1035 3385 subiectionem
1073 3323 1197 3384 vult
1232 3322 1442 3383 salvam
1478 3341 1738 3383 manere:
1787 3323 1890 3383 sed
1941 3320 2044 3381 ubi
2094 3320 2391 3401 spirituale

146 3404 415 3495 regimen
455 3402 793 3483 degenerat,
827 3399 1132 3460 solvuntur
1169 3398 1397 3479 piorum
1437 3396 1846 3473 conscientiae,
1882 3416 1960 3458 ne
1997 3396 2244 3459 iniustae
2278 3396 2391 3459 ‹io-'-

146 3478 769 3616 ¹¹¹¹¹¹²t1¹⁰3³¹2³f‘1²·⁰¹’
825 3471 2154 3613 aii?{ffissvssffiffme‘sffl‘ffswigfflffl
2192 3473 2390 3609 ¹:33³

148 3574 313 3617 sacer
354 3577 389 3616 o
422 3577 459 3615 ιι
546 3577 564 3611 ι
596 3576 633 3613 ιι
658 3575 753 3613 um
2357 3585 2388 3599 -

146 3642 320 3707 runt,
367 3630 481 3693 sibi
522 3649 596 3689 ue
635 3628 1090 3690 dominationem
1128 3636 1438 3707 arrogant,
1487 3646 1598 3705 qua
1632 3624 1796 3687 Deus
1841 3626 1966 3707 ipse
2010 3625 2076 3685 in
2114 3572 2385 3685 oi’dinem

152 3719 413 3789 cogatur.
520 3706 611 3797 ‘ic
652 3704 825 3766 bodie
863 3704 1057 3783 Papae
1093 3702 1293 3836 iugulat
1333 3712 1613 3839 exafiutere·
1639 3723 1762 3764 non
1787 3702 1981 3786 ‘modo
2019 3699 2158 3761 licet
2194 3698 2386 3834 {tideli-

148 3782 417 3943 l’sffigszi‘j
456 3794 631 3941 {2:32
668 3791 1329 3921 21²2⁶⁸f2⁶0s⁵3z5¹323t⁰
1449 3788 1540 3839 ‘²‘
1570 3797 1784 3865 ἕψω
1817 3798 1943 3841 '¹⁰¹¹
1979 3796 2194 3858 μω
2259 3794 2384 3837 ‘¹¹²’

310 4098 375 4163 6.
467 4096 695 4164 Sciens
750 4104 959 4162 autem
1013 4090 1273 4172 Paulus,
1312 4090 1492 4179 qnod
1541 4064 1672 4157 una
1721 4080 1871 4179 p'ars
1924 4096 2092 4157 esset
2131 4070 2380 4153 Saddu'-

153 4216 447 4263 caeorum
489 4206 555 4261 et
596 4194 795 4261 altera
832 4194 1336 4272 Pharisaeorum,
1379 4190 1750 4257 exclamavit
1791 4193 1860 4257 in
1897 4183 2193 4266 concilio,
2231 4186 2380 4251 Viri

152 4304 411 4375 fratres,
471 4316 593 4383 ego
633 4294 1015 4363 Pharisaeus
1053 4314 1225 4375 sum,
1272 4292 1447 4361 filius
1483 4290 1839 4359 Pharisaei:
1891 4288 1974 4357 de
2015 4304 2132 4377 spe
2172 4294 2240 4359 et
2278 4304 2379 4353 re-

228 4394 409 4447 cum-1
431 4408 679 4453 «οι-ω.
704 4398 1075 4459 hamam.
1178 4462 1183 4468 Δ
1702 4372 1783 4435 28
1839 4474 1846 4482 ¹
1880 4449 1902 4495 ζ
