2788 4713
303 197 503 267 .ua
723 171 867 185 ”·
1096 158 1859 257 ’ωΛοΤΑΛΡοεἸι
1957 256 1968 265 ,

386 336 481 403 Ac
508 327 763 416 ‘simplex
792 349 998 397 sensus
1034 340 1154 407 est,
1216 330 1459 397 Christo
1507 332 1780 395 traditam
1817 351 1944 395 esse
1995 348 2235 395 omnem
2271 342 2652 415 potestatem,

388 428 461 477 ut
494 414 555 475 in
596 430 775 473 carne
812 409 873 469 in
914 430 1028 489 qua
1066 406 1401 472 humiliatus
1437 410 1630 471 fuerat
1666 430 1730 471 re
1819 420 1880 469 et
1913 408 2104 499 Patris
2142 410 2270 473 vice
2315 410 2511 491 sitque
2562 411 2654 473 illi

386 489 697 555 secundus.
787 486 1103 549 Caeterum
1150 488 1383 549 tametsi
1428 496 1688 568 potestas
1769 505 1873 548 aec
1911 506 2019 567 per
2057 484 2290 548 coelum
2331 500 2394 549 et
2427 498 2652 550 terram

390 567 604 629 diffusa
654 564 759 639 sit,
802 582 1113 645 perperam
1148 573 1347 624 tamen
1386 562 1620 643 quidam
1657 562 2057 645 imaginantur
2095 562 2394 631 Christum
2435 564 2496 623 in
2537 565 2652 626 hu-

387 664 561 706 mana
596 662 699 701 sua
736 651 945 701 natura
982 638 1205 719 ubique
1256 659 1401 701 esse.
1485 638 1636 699 Nam
1676 638 1839 719 quod
1889 650 2054 701 certo
2107 639 2243 701 loco
2285 642 2652 718 continetur,

387 720 451 784 id
498 738 625 781 non
682 716 909 789 obstat,
962 716 1106 794 quin
1156 716 1432 777 virtutem
1481 724 1641 775 suam
1691 728 1914 777 exserat
1959 736 2070 797 per
2114 727 2310 777 totum
2348 717 2650 779 mundum.

392 798 594 874 Quare
641 795 691 855 si
740 792 906 853 illum
953 790 1177 873 'gratiae
1224 811 1363 852 suae
1415 791 1676 853 efficacia
1716 793 1937 853 sentire
1976 806 2344 885 praesentem
2385 796 2652 873 cupimus

288 923 299 931 .
386 874 451 935 in
492 869 666 950 coelo
758 870 1077 930 naerendns
1124 879 1247 943 est,
1317 868 1811 947 quemadmodum
1869 890 1931 929 se
1981 869 2146 931 illinc
2196 871 2475 950 patefecit
2513 872 2653 932 Ste-

388 949 611 1033 phano.
698 890 972 1007 flidicule
1023 944 1200 1004 etiam
1249 963 1319 1003 ex
1372 945 1486 1005 hoc
1535 940 1675 1007 loco
1727 943 2000 1007 nonnulli
2051 946 2460 1023 contendunt,
2511 948 2654 1009 Ste-

387 1026 587 1109 phano
626 1022 1127 1115 appropinquasse
1164 1030 1233 1080 ut
1248 1020 1436 1082 videri
1471 1020 1546 1082 ab
1583 1042 1658 1083 eo
1697 1035 1916 1103 posset.
1988 1020 2254 1083 Diximus
2287 1024 2467 1098 enim,
2507 1024 2552 1083 S
2597 1025 2653 1083 i-

388 1102 537 1165 ritus
571 1102 789 1165 virtute
830 1109 911 1158 ita
950 1117 1057 1178 per
1094 1096 1269 1157 fidem
1310 1109 1546 1159 evectos
1586 1097 1762 1159 fuisse
1791 1098 2077 1180 Stephani
2117 1098 2346 1171 oculos,
2383 1112 2452 1159 ut
2489 1100 2656 1162 nula

387 1178 661 1244 locorum
701 1173 967 1236 distantia
1007 1193 1212 1234 eorum
1252 1175 1436 1251 aciem
1475 1175 1868 1255 abrumperet.
1953 1177 2172 1237 Fateor
2211 1177 2446 1257 quidem
2502 1199 2655 1259 pro-

385 1256 517 1338 prie
554 1256 615 1315 lo
660 1252 888 1325 nendo,
926 1249 1041 1310 hoc
1083 1261 1172 1311 est
1207 1248 1635 1343 philosophice,
1677 1252 1898 1313 nullum
1941 1274 2116 1332 supra
2155 1250 2354 1315 coelos
2397 1272 2520 1320 esse
2560 1252 2653 1314 lo-

389 1353 541 1394 cum.
620 1274 742 1389 ged
780 1326 895 1388 hoc
931 1326 1077 1387 mihi
1110 1338 1251 1389 satis
1290 1340 1408 1404 est,
1470 1349 1806 1409 perversum
1845 1349 1972 1390 esse
2012 1329 2308 1407 delirium,
2349 1328 2653 1391 Christum

386 1407 529 1472 alibi
568 1426 739 1485 quam
775 1403 838 1464 in
879 1402 1051 1465 coelo
1094 1415 1155 1467 et
1188 1426 1363 1487 supra
1402 1405 1605 1465 mundi
1645 1404 1932 1465 elementa
1972 1404 2188 1466 locare.

540 1489 636 1548 57.
721 1480 1047 1541 mammes
1092 1502 1227 1543 voce
1581 1480 1695 1541 Vel
1758 1481 1901 1577 haec
1961 1482 2070 1542 fuit
2131 1481 2244 1543 zeli
2305 1483 2652 1561 ostentatio,

432 1556 886 1621 uemadmodum
922 1577 1155 1649 semper
1194 1557 1319 1619 fere
1362 1504 1696 1639 {ypocritas
1737 1559 1981 1619 ambitio
2024 1558 2293 1641 impellit,
2335 1572 2399 1619 ut
2436 1560 2652 1621 immo-

388 1578 525 1699 dico
578 1636 811 1696 fervore
876 1633 1192 1711 ebulliant,
1270 1636 1443 1697 sicuti
1493 1634 1744 1715 Caiphas
1805 1635 1876 1695 ad
1925 1636 2082 1695 illam
2138 1634 2361 1697 Christi
2408 1657 2648 1697 vocem:

384 1712 645 1777 Posthac
680 1710 949 1773 videbitis
986 1711 1171 1773 filium
1220 1709 1476 1773 hominis
1529 1725 1640 1773 etc.
1704 1722 1891 1773 vestes
1928 1734 2057 1773 suas
2106 1712 2171 1771 in
2209 1712 2257 1772 si
2305 1734 2441 1772 num
2489 1714 2652 1773 indi-

387 1788 685 1875 gnationis
724 1788 957 1863 scindit,
996 1788 1114 1848 acsi
1152 1800 1303 1849 esset
1341 1785 2151 1869 intolerabilisblasphemia:
2192 1808 2262 1849 ve
2327 1802 2487 1849 certe
2523 1801 2652 1850 tam

463 1886 565 1927 ave
604 1866 719 1927 illis
756 1876 1121 1934 tormentum
1172 1864 1285 1927 suit
1318 1863 1546 1946 gloriae
1586 1865 1808 1927 Christi
1847 1864 2259 1945 praeconium,
2321 1878 2387 1925 ut
2425 1867 2654 1927 insania

387 1964 549 2026 ipsos
588 1960 831 2033 crepare
858 1934 1164 2021 oporteat.
1242 1940 1315 1999 In
1356 1962 1530 2021 quam
1565 1941 1916 2001 sententiam
1955 1943 2134 2023 magis
2157 1940 2399 2018 inclino,
2437 1956 2651 2023 postea

392 2020 550 2083 enim
600 2018 743 2081 dicit
787 2018 1005 2092 Lucas,
1067 2016 1229 2097 quasi
1277 2017 1504 2097 impetu
1552 2029 1752 2097 raptos
1803 2038 1958 2091 esse,
2017 2030 2085 2078 ut
2129 2019 2326 2079 solent
2393 2020 2494 2099 qui
2525 2018 2652 2082 sibi

384 2105 719 2176 temperare
756 2105 1061 2173 nequeunt
1096 2094 1291 2154 subito
1332 2107 1393 2153 et
1431 2094 1894 2173 intemperanter
1974 2094 2218 2154 rosilire.

539 2176 636 2237 58.
709 2168 1103 2246 Lapidarunt.
1177 2170 1313 2229 Hoc
1351 2190 1581 2249 poenae
1601 2190 1786 2253 genus
1822 2170 1880 2229 in
1957 2170 2456 2253 seudoprophetas
2483 2170 2654 2235 Deus

384 2248 450 2311 in
486 2248 653 2340 Lege
692 2248 1111 2321 constituerat,
1172 2246 1662 2327 quemadmodum
1715 2246 1963 2306 habetur
2000 2246 2331 2308 Deuteron.
2372 2254 2494 2324 13.,
2542 2252 2652 2310 sed

386 2326 553 2388 Dens
593 2324 713 2398 illic
735 2324 907 2385 etiam
931 2323 1195 2404 quisnam
1234 2324 1293 2384 in
1336 2343 1410 2384 eo
1451 2344 1700 2383 numero
1731 2322 2032 2386 habendus
2069 2324 2145 2385 sit
2171 2323 2393 2403 definit,
2433 2346 2653 2408 nempe

387 2404 493 2485 qui
542 2401 829 2484 popn'lum
880 2401 1173 2463 abducere
1224 2412 1469 2462 conatus
1530 2400 1712 2462 suerit
1762 2402 1834 2461 ad
1877 2400 2019 2462 deos
2082 2401 2322 2464 alienos.
2423 2403 2654 2465 Iniusta

386 2500 535 2564 ergo
578 2491 639 2540 et
678 2479 900 2539 nefaria
936 2477 1055 2538 fuit
1073 2477 1361 2557 Stephani
1402 2477 1700 2557 lapidatio,
1740 2476 2086 2558 quod'falso
2129 2479 2368 2538 crimine
2410 2480 2654 2542 damna-

386 2567 482 2618 tus
522 2567 629 2617 est.
705 2555 807 2616 Sic
847 2554 1069 2619 Christi
1116 2565 1400 2636 martyres
1447 2555 1692 2615 similem
1745 2577 1878 2615 cum
1915 2553 2212 2615 sceleratis
2261 2575 2510 2635 poenam
2551 2580 2654 2617 su·

386 2631 522 2696 bire
560 2643 821 2714 oportet.
916 2631 1059 2692 Sola
1110 2643 1198 2692 est
1248 2652 1418 2692 causa
1457 2652 1605 2720 quae
1652 2631 1813 2712 ipsos
1855 2631 2160 2705 discernit,
2220 2634 2322 2692 sed
2371 2632 2522 2693 tanti
2561 2646 2657 2694 est

387 2730 589 2772 coram
636 2709 772 2769 Deo
824 2718 886 2769 et
941 2728 1139 2769 coram
1184 2707 1407 2790 angelis
1461 2728 1585 2768 ems
1639 2707 1756 2770 hoc
1805 2707 2152 2783 discrimen,
2216 2721 2282 2768 ut
2325 2721 2654 2792 martyrum
2741 2757 2762 2764 ,,

431 2784 609 2846 robra
660 2784 947 2868 dignitate
994 2803 1200 2845 omnes
1248 2783 1453 2845 mundi
1541 2783 1715 2846 lorias
1775 2806 1841 2844 su
1887 2796 2071 2844 erent.
2175 2784 2399 2860 Quaeri
2449 2798 2656 2848 tamen

386 2807 507 2929 goe
567 2860 707 2922 loco
768 2872 995 2942 potest,
1058 2861 1361 2940 quomodo
1412 2860 1481 2919 Iu
1526 2863 1639 2922 aeis
1689 2861 1795 2922 Ste
1843 2807 2054 2920 Kanum
2121 2858 2377 2940 lapidare
2423 2861 2656 2924 licitum

386 2935 599 3011 fuerit,
638 2936 849 3015 quibus
886 2934 1143 2998 ablatum
1184 2949 1310 2996 erat
1353 2937 1682 3029 imperium.
1769 2883 1918 2997 biam
1967 2938 2028 2997 in
2070 2936 2291 2999 Christi
2343 2960 2511 3004 causa
2551 2961 2656 3000 re·-

386 3012 711 3094 spondent:
762 3012 951 3073 Nobis
1001 3011 1086 3072 sas
1132 3033 1254 3074 non
1306 3024 1396 3072 est
1443 3013 1778 3074 interficere
1831 3035 2179 3095 quenquam.
2267 3014 2660 3096 Respondeo‚

386 3109 498 3172 per
533 3088 652 3149 vim
694 3100 755 3149 et
790 3086 1105 3152 tumultum
1145 3088 1261 3148 hoc
1300 3088 1526 3149 secisse.
1630 3089 1814 3165 Quod
1869 3102 2062 3150 autem
2103 3091 2218 3152 hoc
2257 3091 2480 3152 facinus
2519 3114 2656 3154 non

384 3165 545 3227 ultus
596 3175 687 3226 est
734 3185 997 3245 praeses,
1054 3164 1184 3225 fieri
1274 3175 1430 3225 otest
1489 3176 1556 3226 ut
1600 3164 1664 3225 in
1706 3163 1931 3247 populo
1971 3167 2316 3229 turbulento
2359 3181 2418 3228 et
2457 3191 2658 3250 prope

384 3239 679 3304 indomito
742 3239 922 3303 multa
984 3240 1219 3302 dissimu
1246 3252 1415 3300 anter
1471 3241 1702 3314 tulerit,
1774 3264 1850 3302 ne
1913 3243 2113 3304 odium
2183 3265 2302 3323 quo
2361 3245 2660 3327 flagrabat

388 3317 611 3380 Christi
660 3337 878 3380 nomen
927 3317 989 3378 in
1037 3339 1099 3380 se
1149 3329 1519 3399 provocaret.
1617 3318 1898 3381 Videmus
1958 3321 2299 3400 praesertim
2347 3321 2658 3386 Romanos

384 3387 679 3476 praesides
732 3395 807 3455 de
857 3395 1141 3457 industria
1182 3396 1501 3456 connivere
1549 3395 1757 3457 solitos
1809 3397 1879 3456 ad
1920 3397 2221 3458 intestinas
2261 3397 2412 3460 illius
2451 3401 2660 3483 gentis

386 3471 721 3549 discordias,
759 3483 829 3533 ut
864 3484 1072 3533 mutuo
1113 3473 1373 3533 confecti
1413 3472 1592 3534 citius·
1623 3472 1838 3534 deinde
1877 3473 2310 3557 subigerentur.

553 3627 787 3694 Testes
867 3637 1079 3696 autem
1154 3627 1602 3716 deposuerunt
1660 3631 2040 3694 vestimenta
2106 3651 2220 3696 sua
2281 3627 2363 3696 ad
2439 3631 2660 3718 pedes

384 3727 839 3810 adolescentis,
881 3732 995 3818 qui
1035 3728 1393 3795 vocabatur
1418 3727 1670 3807 Saulus,
1705 3731 1809 3795 59.
1849 3731 1936 3796 Et
1970 3729 2350 3818 lapidabant
2377 3731 2664 3817 Stepha-

380 3851 537 3898 num
578 3833 1018 3910 invocantem,
1074 3851 1150 3896 ac
1192 3830 1543 3898 dicentem:
1615 3829 1900 3896 Domine
1942 3830 2119 3911 lesu,
2164 3833 2419 3918 suscipe
2463 3836 2668 3918 spiri-

378 3942 517 4000 tum
555 3953 787 4000 meum.
868 3933 970 3998 60.
990 3932 1246 4008 ,Positis
1288 3943 1504 3998 autem
1545 3928 1818 4018 genibus
1861 3929 2158 3999 clamavit
2180 3955 2344 4000 voce
2387 3955 2622 4020 magna
2643 3963 2666 4000 ε

268 4039 283 4052 ‘
378 4031 687 4130 Domine,
725 4054 813 4100 ne
845 4044 1083 4100 statuas
1124 4030 1255 4098 illis
1296 4031 1427 4099 hoe
1464 4043 1814 4120 peccatum.
1896 4035 1982 4101 Et
2017 4035 2148 4102 hoc
2183 4034 2360 4101 dicto
2403 4033 2670 4102 obdor-

379 4137 575 4201 mivit.
658 4133 759 4201 61.
804 4121 1039 4202 Saulus
1076 4145 1287 4200 autem
1332 4131 1784 4200 consentiebat
1822 4136 1892 4200 in
1933 4157 2160 4202 necem
2205 4138 2364 4202 eius.

537 4251 737 4312 Testes
770 4263 981 4314 mem.
1030 4249 1125 4310 -Si
1170 4249 1369 4311 nificat
1403 4249 1623 4329 Lucas,
1681 4249 1746 4312 in
1784 4251 2039 4314 tumultu
2087 4251 2192 4314 illo
2231 4261 2518 4312 servatam
2557 4261 2666 4314 ta·-

380 4345 519 4388 meu
554 4327 735 4396 fuisse
772 4329 1024 4430 aliquam
1060 4328 1123 4392 iu
1167 4327 1265 4391 ‘cii
1300 4326 1573 4410 speciem.
1651 4325 1793 4392 Non
1825 4327 2020 4392 fuerat
2055 4327 2174 4392 hoc
2209 4339 2437 4390 temere
2477 4349 2666 4390 man-
