2788 4713
452 196 564 261 ιω
1227 184 1310 245 m
1349 182 1574 247 ACTA
1609 176 1898 261 AnosT.

453 336 610 427 quid
647 355 750 403 me
789 332 1234 421 persequeris?
1275 351 1280 359 ·
1317 328 1575 397 Durum
1628 339 1725 397 est
1772 326 1893 395 tibi
1946 336 2171 395 eontra
2224 326 2555 397 stimulos
2604 328 2731 395 cal-

452 443 696 510 citrare.
777 436 876 499 15.
918 432 1060 517 Ego
1105 441 1314 496 autem
1357 429 1505 507 dixi,
1542 428 1709 515 Quis
1743 446 1829 507 es,
1868 424 2195 493 Domine?
2228 428 2325 501 At,
2366 426 2509 495 ille
2548 428 2730 495 dixit.

451 538 591 623 Ego
635 556 772 601 sum
807 534 1010 611 Iesus,
1081 530 1274 620 quem]
1311 539 1382 595 tu
1423 529 1842 615 persequeris.
1954 528 2053 593 16.
2092 526 2241 609 ,ὃεᾶ
2286 549 2629 615 exsurge,
2676 540 2727 592 et

451 648 551 703 sta
593 655 786 722 super
835 632 1040 719 pedes
1080 642 1260 697 tuos:
1317 627 1402 694 ad
1444 620 1571 695 hoe
1621 630 1789 695 enim
1832 628 2102 714 apparui
2140 624 2286 705 tibi,
2340 639 2425 695 ut
2472 634 2729 695 consti-

450 748 621 803 tuam
666 744 728 799 te
769 735 1119 798 ministrum
1163 751 1239 795 ac
1271 740 1513 810 testem,
1554 740 1619 795 et
1642 750 1866 796 eorum
1892 748 2063 814 qnae
2090 726 2327 805 vidisti,
2376 740 2453 795 et
2480 752 2723 796 eorm

451 839 519 903 in
564 832 796 923 quibus
838 828 1160 919 apparebo
1203 828 1360 909 tibi,
1454 830 1551 896 17.
1590 828 1893 915 Eripiens
1932 838 1997 892 te
2042 848 2078 892 a
2120 824 2375 917 populo
2442 840 2525 895 et
2574 852 2723 917 gen-

451 932 654 1013 tibus,
693 931 774 998 ad
817 955 975 1019 quas
1015 952 1187 998 nunc
1225 942 1290 997 te
1331 933 1530 997 mitto.
1606 928 1705 995 18.
1744 928 1839 995 Ut
1884 930 2133 1014 aperias
2174 927 2417 995 oculos
2462 952 2721 1007 eoi-mn,

451 1048 526 1105 nt
565 1042 1016 1101 convertantur
1059 1052 1097 1095 a
1135 1029 1423 1097 tenebris
1466 1032 1551 1098 ad
1588 1029 1829 1110 lucem,
1869 1040 1935 1096 et
1977 1051 2015 1094 a
2052 1038 2379 1115 potestate
2422 1028 2721 1097 Satanae

455 1136 539 1203 nd
579 1137 825 1212 Deum,
879 1142 951 1197 ut
1001 1131 1318 1216 accipiant
1367 1134 1807 1199 remissionem
1846 1138 2285 1217 peccatorum,
2340 1140 2420 1197 et
2465 1144 2717 1199 sortem

453 1240 621 1303 inter
657 1230 1102 1309 sanctificatos,
1138 1252 1258 1316 per
1295 1229 1494 1297 fidem
1536 1252 1705 1319 quae
1748 1240 1845 1297 est
1884 1233 1955 1296 in
1997 1250 2117 1297 me.

597 1406 658 1467 9.
737 1394 818 1458 Et
851 1418 957 1473 ego
991 1392 1233 1477 quidem.
1303 1392 1432 1457 Nisi
1470 1390 1637 1476 plura
1675 1393 1904 1457 dixisset
1920 1391 2154 1468 Paulus,
2192 1412 2368 1474 quam
2413 1392 2709 1459 hactenus

455 1476 748 1538 recensuit
781 1474 993 1549 Lucas,
1029 1473 1274 1553 abrupta
1325 1484 1478 1533 esset
1526 1471 1746 1536 oratio:
1786 1471 1941 1533 unde
1981 1470 2287 1531 conficitur
2326 1472 2503 1549 quod
2556 1476 2711 1567 prins

458 1552 591 1626 dixi,
630 1572 809 1631 quum
845 1550 1204 1611 mentionem
1253 1546 1509 1608 foederis
1544 1547 1663 1609 Dei
1700 1548 1964 1623 fecisset,
2013 1546 2086 1607 de
2128 1544 2349 1609 Christi
2386 1548 2617 1611 officio
2656 1563 2711 1608 et

526 1628 636 1689 atis
683 1624 1048 1702 disseruisse,
1111 1636 1177 1685 ut
1221 1644 1315 1689 res
1363 1621 1607 1685 ferebat.
1700 1624 1848 1683 Ideo
1882 1634 2074 1685 autem
2113 1624 2535 1686 conversionis
2578 1646 2711 1685 susc

451 1648 750 1767 {istoriam
789 1702 1036 1794 repetit,
1083 1721 1204 1761 non
1253 1710 1481 1760 tantum
1531 1711 1597 1759 ut
1644 1698 1891 1761 levitatis
1942 1710 2138 1761 notam
2184 1716 2219 1759 a
2254 1714 2325 1761 se
2370 1714 2709 1775 removeat,
2746 1736 2748 1775 ;

455 1780 558 1845 sed
601 1792 668 1841 ut
715 1776 988 1839 divinitus
1047 1797 1110 1837 se
1157 1787 1426 1839 vocatum
1484 1786 1732 1837 testetur
1786 1776 2053 1853 adeoque
2110 1772 2355 1835 coelesti
2414 1780 2707 1839 mandato
2746 1778 2748 1841 !

454 1869 743 1919 coactum.
813 1854 966 1915 Nam
1005 1852 1160 1933 quod
1207 1864 1442 1933 praeter
1490 1851 1667 1912 animi
1716 1852 2082 1931 propositum
2132 1863 2379 1929 repente
2438 1874 2513 1913 ex
2566 1854 2705 1933 lupo
2742 1844 2748 1963 l

453 1934 516 1995 in
557 1952 726 1993 ovem
765 1951 1075 1991 conversus
1116 1938 1238 2004 est,
1285 1940 1401 1988 tam
1439 1928 1694 2003 violenta
1738 1930 1982 1988 mutatio
2104 1948 2145 1987 n
2182 1948 2387 2007 parum
2430 1930 2599 1991 valet
2634 1931 2703 1989 ad

455 2007 880 2069 conciliandam
921 2004 1218 2064 doctrinae
1255 2003 1378 2063 eius
1416 2002 1608 2063 fidem.
1694 2002 1839 2063 Ideo
1878 2000 2055 2083 ampli
2128 2010 2189 2063 at
2226 2001 2395 2064 illum
2440 2008 2701 2065 nocendi

453 2082 752 2153 ardorem,
792 2102 912 2159 quo
955 2078 1251 2139 serebatur
1284 2076 1555 2141 adversus
1596 2076 1815 2141 Christi
1852 2072 2142 2152 memb're,
2188 2090 2253 2139 et
2329 2082 2701 2155 ertinaciam,

455 2156 554 2219 cui
609 2155 842 2237 penitus
900 2154 1161 2215 addictus
1222 2166 1362 2213 erat.
1458 2154 1526 2213 Si
1586 2174 1621 2218 a
1674 2156 1865 2235 prima
1913 2152 2160 2235 puerilia
2206 2154 2295 2215 im
2344 2169 2485 2219 utus
2548 2170 2699 2218 esset

455 2232 676 2295 Christi
723 2231 867 2304 fide,
927 2228 1020 2291 vel
1069 2229 1142 2289 ab
1189 2226 1429 2291 homine
1474 2229 1666 2309 aliquo
1718 2231 1957 2291 edoctus
2000 2244 2213 2324 sponte
2260 2230 2431 2292 illam
2474 2246 2541 2293 et
2578 2238 2697 2295 sine

453 2307 838 2404 repugnantia
876 2304 1168 2387 amplexus
1205 2306 1392 2382 foret,
1441 2303 1530 2368 illi
1569 2306 1803 2387 quidem
1850 2307 2110 2388 privatim
2152 2320 2311 2370 certa
2350 2307 2569 2371 fuisset
2604 2330 2699 2372 sun

451 2399 717 2462 vocatio,
751 2383 855 2446 sed
893 2384 1046 2464 apud
1083 2383 1226 2444 alios
1263 2382 1457 2444 minus
1492 2383 1752 2445 illustris:
1792 2405 1951 2446 nunc
1986 2405 2126 2446 vero
2166 2407 2347 2466 quum
2386 2387 2693 2449 obstinato

453 2475 518 2524 et
553 2461 855 2524 inflexibili
894 2460 1094 2528 fin-ore
1131 2459 1368 2534 ardens,
1431 2481 1553 2520 non
1606 2460 1914 2522 occasione
1963 2460 2153 2541 aliqua
2198 2461 2531 2538 adductus,
2594 2487 2695 2524 nec

452 2560 758 2678 mitti
797 2534 1271 2674 33³⁸¹2⁰3²¹⁰3oe2⁰
1279 2534 1451 2670 ‘'¹35¹ss
1494 2556 1795 2672 mma?
1798 2537 2341 2677 3⁰¹²3<1³32⁶¹¹ffi22
2356 2542 2693 2678 ’ἵξιὲᾚῗὲἰ
2745 2557 2746 2631 ¹

454 2673 654 2766 thesis,
694 2687 852 2768 quod
891 2708 954 2748 se
992 2634 1164 2768 pgga
1201 2631 1556 2748 confidengtia
1578 2632 1795 2748 ulatur}
1828 2634 2002 2750 fuisse
2040 2703 2489 2766 commemorat,
2530 2707 2605 2753 ut
2639 2714 2695 2754 se

453 2778 688 2848 putaret
715 2765 930 2832 Christi
968 2765 1098 2825 fore
1135 2763 1441 2825 victorem:
1483 2785 1595 2842 qua
1612 2764 1827 2829 docere
1860 2761 2067 2842 voluit,
2106 2765 2251 2825 nihil
2286 2765 2485 2827 minus
2518 2791 2694 2848 qnam
2742 2811 2744 2820 ‹

455 2863 526 2904 ex
561 2842 739 2902 animi
776 2840 866 2902 sui
901 2861 1074 2904 sensu
1101 2838 1318 2901 Christi
1355 2860 1419 2899 se
1438 2839 1781 2922 discipulum
1821 2860 1944 2902 esse
1984 2840 2216 2915 sactum.
2271 2845 2535 2904 ‘Nomen
2562 2847 2693 2906 lesu
2743 2887 2744 2925 χ

451 2919 509 2979 N
511 2917 740 2980 ezareni
807 2938 872 2976 ro
884 2927 1008 2977 tota
1022 2913 1323 2997 Evangelii
1333 2935 1441 2994 pro
1450 2913 1697 2977 sessione
1719 2913 1811 2977 hic
1822 2915 2122 2998 accipitur,
2138 2937 2309 3008 quam
2324 2920 2693 3002 exstinguere

451 3004 733 3056 statuerat
793 2991 974 3066 sulus,
989 2991 1102 3050 hoc
1120 2991 1300 3050 modo
1313 2990 1531 3050 bellum
1540 2991 1807 3054 adversus
1817 2993 2687 3076 Deuminscnentersuscipiens-

601 3074 694 3134 10.
776 3063 952 3152 Quod
979 3080 1034 3126 et
1051 3067 1190 3146 feci
1208 3065 1653 3144 Hierosolymis.
1708 3067 1803 3128 Ab
1832 3068 1973 3148 ipsis
1997 3069 2161 3130 factis
2186 3069 2423 3149 probat,
2462 3087 2689 3150 quanto

451 3143 568 3206 zeli
615 3145 841 3236 impetu
892 3141 1164 3222 abreptus
1225 3141 1405 3202 fuerit
1461 3143 1533 3203 ad
1594 3145 2047 3226 oppugnandum
2100 3145 2429 3220 Christum,
2488 3147 2689 3208 donee

451 3222 640 3282 maior
657 3241 738 3282 vis
776 3220 1032 3295 retraxit,
1069 3231 1136 3277 ut
1172 3239 1401 3279 cursum
1440 3219 1499 3278 in
1524 3220 1853 3302 oppositam
1892 3233 2119 3301 partem
2156 3221 2437 3284 flecteret.
2488 3221 2687 3284 Porro

449 3298 622 3358 huius
656 3295 1057 3358 vehementiae
1093 3305 1270 3356 testes
1307 3293 1564 3356 habehat
1599 3316 1735 3358 suos
1785 3296 2171 3370 adversarios,
2230 3311 2297 3358 ut
2334 3309 2503 3359 certo
2542 3321 2687 3361 con-

452 3383 634 3434 staret
679 3371 874 3434 subito
927 3371 1098 3432 fuisse
1155 3383 1469 3432 mutatum:
1532 3389 1645 3432 nec
1695 3391 1834 3433 vero
1884 3371 2138 3434 delatum
2186 3373 2273 3434 illi
2320 3373 2529 3438 suisset
2576 3375 2683 3437 hoc

450 3470 659 3509 munus
698 3469 730 3508 a
768 3448 1184 3524 sacerdotibus,
1223 3446 1333 3507 nisi
1370 3459 1606 3508 strenue
1646 3449 1705 3508 in
1745 3449 2064 3509 exercenda
2100 3449 2337 3510 saevitia
2374 3471 2441 3512 se
2478 3453 2681 3545 gessis-

451 3535 568 3602 set,
606 3545 675 3585 ac
713 3523 877 3585 valde
914 3525 1240 3586 animosum
1279 3543 1403 3584 esse
1442 3523 1739 3604 oportuit,
1778 3526 1877 3604 qni
1916 3545 2120 3585 eorum
2162 3525 2348 3586 furori
2384 3529 2677 3590 satisface-

451 3614 564 3662 ret.
635 3601 975 3662 Notandum
1009 3621 1180 3676 vero,
1219 3599 1378 3682 quod
1416 3599 1587 3660 fateri
1624 3620 1747 3661 non
1784 3600 2021 3661 eruhuit
2056 3601 2299 3676 Paulus,
2337 3623 2517 3694 guam

449 3680 600 3742 viter
643 3678 705 3738 in
749 3677 942 3736 Deum
988 3689 1320 3757 peccasset,
1381 3675 1559 3738 modo
1610 3675 1670 3736 id
1728 3677 1967 3738 cederet
2026 3678 2088 3737 in
2141 3677 2359 3740 Chrisu
2416 3679 2677 3772 gloriam.

449 3753 814 3814 Probi-osum
862 3749 946 3812 illi
995 3764 1154 3816 certe
1192 3767 1350 3826 erat,
1411 3771 1594 3813 coeco
1633 3751 1761 3813 zelo
1802 3765 2139 3834 correptum
2178 3755 2250 3816 sd
2284 3754 2499 3836 impias
2540 3757 2679 3818 blas·

447 3829 706 3909 phemias
755 3829 1101 3909 compulisse
1171 3828 1272 3920 qui
1315 3827 1451 3888 Deo
1498 3828 1717 3889 servire
1776 3829 2086 3920 optabant,
2142 3829 2325 3892 varias
2388 3831 2677 3894 molestias

451 3903 775 3966 exhibuisse
827 3904 1000 3965 bonis
1047 3915 1108 3962 et
1155 3899 1539 3984 simplicibus,
1599 3915 1943 3965 sententiam
2004 3905 2203 3970 tulisse
2252 3907 2327 3965 de
2374 3907 2679 3968 fundando

447 3983 730 4062 sangnine
768 3979 1029 4056 innoxio,
1071 3979 1323 4058 denique
1362 3998 1583 4040 cornua
1618 3981 1679 4039 in
1718 3981 1947 4040 coelum
1987 3981 2251 4042 extulisse
2308 3981 2507 4045 donec
2542 4005 2679 4064 pro-

448 4069 660 4116 stratus
695 4055 833 4116 fuit:
870 4054 971 4114 sed
1013 4055 1419 4116 existimationi
1456 4076 1593 4117 suae
1622 4075 1743 4114 non
1782 4057 1988 4138 parcit,
2027 4061 2169 4138 quin
2208 4023 2467 4120 lihenter
2506 4059 2681 4120 dede·
2735 4089 2736 4097 κ

449 4153 550 4191 cus
592 4151 759 4194 snum
807 4130 1098 4223 proferat,
1157 4130 1340 4190 modo
1381 4129 1519 4190 inde
1568 4131 1777 4192 clarius
1824 4135 2056 4213 patefiat
2101 4134 2216 4193 Dei
2266 4133 2681 4196 misericordia.

449 4206 652 4278 Quare
690 4207 750 4265 in
780 4227 901 4268 eius
931 4224 1202 4266 sermone
1239 4205 1397 4264 nulla
1436 4207 1635 4285 potnit
1668 4205 1907 4269 haerere
1934 4211 2167 4272 sinistra
2184 4211 2463 4302 suspicio,
2502 4231 2679 4291 quun
2732 4225 2734 4276 ξ

445 4281 670 4342 nullum
714 4280 806 4344 sui
853 4293 1180 4362 respectum
1227 4277 1448 4346 habens
1496 4281 1655 4346 ultro
1704 4283 1821 4348 sibi
1876 4286 1939 4348 in
1990 4286 2211 4350 crimen
2268 4299 2553 4368 imputat,
2616 4309 2677 4350 ex
2732 4303 2734 4391 1
