2788 4713
285 160 407 227 284
744 194 747 201 -
1080 158 1166 223 ns
1204 159 1432 223 ACTA
1463 134 1756 243 nasa:
2763 164 2766 297 Ι

290 304 427 373 Dei
470 301 551 371 ad
596 322 791 393 opus,
830 304 1008 393 quod
1046 305 1484 393 impleverant.
1563 286 1665 372 2³1.
1713 304 1934 393 Quum
1973 314 2184 373 autem
2225 303 2384 371 illuc
2415 328 2542 373 sev

288 411 563 488 nissent,
616 415 995 493 congregata
1036 406 1329 473 Ecclesia
1380 416 1744 487 narrarunt,
1797 416 2034 493 quanta
2085 406 2344 471 fecisset
2395 407 2538 473 illis

286 506 487 591 Deus,
531 517 595 574 et
636 505 812 595 quod
842 504 1162 595 Gentibus
1203 510 1554 595 aperuisset
1594 511 1823 573 ostium
1863 506 2040 575 fidei.
2121 506 2226 574 28.
2265 508 2552 587 Versati',
2676 580 2682 585 ,
2764 514 2765 517 ’

293 616 505 674 autem
546 616 693 675 sunt
732 606 867 673 illic
906 628 1044 676 non
1086 610 1373 695 exiguum
1416 616 1666 695 ternpus
1707 630 1850 673 cum
1893 606 2238 694 discipulis.

429 760 535 825 23.
616 753 807 837 Quum
840 769 1122 818 mussent
1145 752 1520 833 presbflms.
1597 752 1752 820 Hinc
1789 750 2034 835 apparet
2069 774 2190 815 non
2225 744 2577 849 sufficeres

290 830 555 893 homines
602 832 783 893 semel
828 833 943 893 rite
991 832 1245 893 imbutos
1284 850 1408 892 esse
1453 831 1684 911 pietatis
1721 825 1986 891 doctrina
2023 851 2090 891 ac
2139 841 2344 891 tenere
2381 830 2526 891 fide·

288 928 598 980 summam,
646 908 755 969 nisi
802 908 1113 970 continuos
1162 906 1376 969 faciant
1467 926 1782 989 regressus.
1870 906 2016 968 Ideo
2067 905 2334 967 Christus
2392 928 2524 967 non

284 992 513 1045 tantum
534 982 854 1064 Apostolos
890 984 1045 1049 misit
1080 983 1181 1065 qui
1204 929 1582 1066 Evangdlium
1602 994 1966 1064 spargerent,
2001 982 2104 1042 sed
2143 982 2306 1063 iussit
2341 981 2520 1043 ctiam

284 1057 511 1121 institui
548 1071 839 1140 pastores,
874 1071 942 1119 ut
979 1071 1257 1140 perpetua
1296 1074 1448 1121 esset
1481 1081 1548 1121 ac
1583 1060 1645 1119 in
1685 1059 2029 1138 quotidiano
2068 1080 2174 1141 usu
2210 1058 2522 1140 Evangelii

284 1132 657 1217 praedicatio.
730 1136 906 1198 Hunc
954 1136 1217 1197 ordinem
1266 1157 1299 1197 a
1353 1132 1590 1199 Christo
1639 1136 1890 1215 positum
1916 1133 2252 1215 observant
2298 1132 2518 1197 Paulus

286 1222 353 1271 et
394 1210 716 1286 Barnabas,
762 1232 939 1291 quum
986 1211 1225 1293 singulis
1273 1212 1530 1275 ecclesiis
1579 1214 1869 1291 assignant
1956 1222 2204 1285 astures,
2253 1231 2330 1271 ue
2377 1222 2520 1291 post

284 1307 453 1349 suum
491 1284 801 1347 discessum
838 1300 1027 1349 cesset
1061 1309 1129 1349 ac
1165 1289 1332 1352 sileat
1350 1288 1636 1351 doctrina.
1709 1290 1890 1351 Proin
1935 1306 1968 1347 e
2001 1288 2174 1349 docet
2212 1285 2306 1347 hic
2327 1285 2518 1363 locus,

283 1362 581 1426 ecclesiam
620 1382 757 1423 non·
780 1384 951 1443 posse
990 1364 1292 1427 ordinario
1342 1366 1662 1428 ministerio
1719 1385 1950 1440 carere,
1997 1383 2108 1423 nec
2148 1362 2514 1425 Christianos

142 1456 153 1467 “
282 1458 481 1499 coram
520 1438 653 1500 Deo
700 1439 958 1513 censeri,
1004 1440 1113 1501 uisi
1151 1442 1251 1521 qui
1296 1452 1433 1504 toto
1469 1443 1624 1515 vitae
1668 1460 1840 1503 cursu
1877 1440 2128 1504 libenter
2161 1450 2299 1501 nunt
2335 1438 2516 1499 disci-

282 1513 423 1595 puli.
498 1514 883 1595 Presbyteros
929 1515 1022 1579 bic
1059 1518 1257 1579 vocari
1304 1518 1694 1598 inter-pretor,
1740 1517 1950 1598 quibus
1995 1514 2321 1575 iniunctum
2384 1526 2516 1576 erat

284 1590 535 1650 docendi
591 1612 827 1653 munus:
892 1592 1069 1654 fuisse
1126 1595 1282 1654 enim
1323 1594 1601 1676 quosdam
1641 1594 1912 1655 duntaxat
1947 1612 2174 1653 morum
2215 1610 2514 1665 censores,

282 1684 353 1725 ex
390 1664 573 1731 Paulo
610 1670 963 1748 apparet.(1.
989 1670 1145 1731 Tim.
1182 1677 1241 1744 5,
1267 1678 1402 1749 12).
1477 1672 1600 1731 Iam
1641 1692 1820 1751 quum
1857 1670 2000 1731 dicit
2023 1667 2228 1741 Lucas,
2263 1666 2511 1748 siugulis

282 1738 539 1803 ecclesiis
576 1744 901 1823 praefectos
942 1745 1152 1821 fuisse,
1192 1746 1329 1807 binc
1368 1747 1673 1808 discrimen
1713 1747 1868 1806 inter
1906 1764 2110 1805 eorum
2147 1755 2208 1803 et
2245 1742 2510 1824 Aposto-

278 1816 470 1879 lorum
506 1840 715 1880 munus
752 1820 1065 1904 colligitur.
1118 1822 1424 1904 Apostolis
1445 1824 1596 1883 enim
1637 1844 1916 1903 nusquam
1953 1832 2077 1883 erat
2116 1830 2274 1880 certa
2307 1819 2510 1895 statio,

277 1894 383 1956 sed
434 1894 505 1955 ad
558 1896 877 1957 fundandas
924 1898 1171 1961 subinde
1218 1920 1396 1962 novas
1453 1898 1722 1960 ecclesias
1781 1900 1894 1959 huc
1951 1898 2088 1959 illuc
2135 1893 2508 1956 cursitabant.

276 1968 551 2062 Pastqres
596 1984 789 2036 autem
836 1976 1094 2066 propriis
1140 1976 1396 2049 ecclesiis
1441 1975 1660 2059 singuli
1707 1976 1948 2035 fuerunt
1982 1970 2200 2035 addicti
2245 1984 2306 2033 et
2343 1970 2507 2053 quasi

276 2044 453 2107 locati
495 2047 565 2107 ad
607 2050 968 2127 praesidium.
1334 2116 1352 2123 ,
1516 2101 1522 2109 .
1919 2099 1936 2123 .,

427 2122 779 2205 Sfffragiis‘
804 2142 1101 2189 maxons.
1185 2127 1450 2189 Verbum
1500 2126 1790 2197 Graecum
1831 2130 2169 2200 χειροτονεῖν
2217 2122 2268 2183 si
2311 2120 2508 2184 nificat

277 2194 495 2277 aliquid
531 2202 793 2263 manibus
828 2202 1066 2265 sublatis
1088 2204 1429 2287 decernere,
1467 2203 1715 2298 qualiter
1751 2204 1810 2263 in
1849 2202 2098 2265 comitiis
2133 2221 2212 2281 po
2323 2200 2338 2215 ‘
2377 2199 2507 2261 fieri

276 2273 447 2335 solet.
522 2278 854 2360 Scriptores
892 2291 1085 2341 tamen
1136 2282 1506 2344 ecclesiastici
1543 2301 1758 2343 nomen
1795 2286 2134 2352 χειροτονίας
2174 2299 2204 2338 a
2230 2298 2287 2338 ιο
2327 2296 2499 2337 sensu

276 2364 583 2432 usurpant:
632 2375 843 2437 nempe
891 2380 1003 2450 pro
1049 2356 1279 2420 solenni
1317 2358 1702 2422 ordinationis
1741 2356 1888 2432 ritu,
1983 2354 2040 2446 ui
2087 2355 2146 2415 in
2185 2351 2500 2444 scripturis

274 2441 520 2490 vocatur
566 2430 841 2492 Mannum
898 2435 1215 2526 impositio.
1313 2436 1507 2498 Porro
1564 2433 1670 2496 bac
1721 2375 1999 2513 loquendi
2047 2432 2234 2494 forma
2280 2441 2502 2510 optime

276 2506 927 2648 ‘23:⁵¹2‘t‘ff..2¹55¹²1³›'”²1
966 2534 1025 2572 ¹¹²
1076 2505 2506 2649 {5³⁰⁶ss1:²²⁵*0‘tuz33³¹‘2-..P‘22323‘2ffi¹;¹·

304 2659 535 2742 sciunt?
596 2662 734 2741 quin
787 2609 995 2743 122ng
1020 2609 1143 2753 rzip
1202 2610 1539 2726 agffiiiltsdnt
1585 2609 1843 2724 nennium
1879 2607 2198 2744 suffrggiise
2247 2677 2390 2740 ergo
2439 2602 2501 2718 13

272 2735 602 2816 pastoribus
642 2740 902 2802 creandis
948 2739 1135 2802 libera
1202 2741 1285 2801 uit
1320 2740 1524 2822 populi
1561 2739 1804 2814 electio,
1851 2739 1954 2800 sed
1993 2759 2070 2798 ne
2106 2737 2248 2817 quid
2285 2733 2504 2796 tumul·
2559 2763 2568 2778 ·

273 2823 445 2872 tuose
506 2811 702 2889 fieret,
801 2813 1091 2877 raesident
1135 2817 1349 2878 Paulus
1407 2829 1469 2876 et
1517 2813 1808 2892 Barnabas
1865 2815 2026 2895 quasi
2083 2813 2503 2874 moderatores.

275 2886 375 2946 Sic
412 2887 660 2970 intelligi
698 2887 771 2948 de
818 2903 878 2951 et
912 2891 1283 2955 Laodicensis
1304 2891 1561 2954 Concilii
1599 2893 1918 2968 decretum,
1955 2890 2114 2972 quod
2151 2900 2308 2952 vetat
2341 2885 2502 2970 plebi

276 2961 627 3024 electionem
668 2967 944 3045 permitti.

423 3037 660 3098 Proculi
692 3061 821 3100 oum
854 3045 1098 3104 ieiuniis.
1172 3042 1406 3125 Duplex
1441 3042 1554 3106 suit
1587 3043 1700 3105 illis
1738 3041 2014 3124 precandi
2051 3041 2182 3105 finis
2219 3053 2283 3102 et
2315 3039 2501 3102 ratio:

272 3113 469 3196 prior,
514 3127 582 3175 ut
620 3115 783 3177 Deus
820 3117 1048 3198 Spiritu
1092 3121 1435 3199 prudentiae
1473 3131 1534 3181 et
1569 3119 1930 3182 discretionis
1976 3137 2078 3182 eos
2116 3117 2393 3202 dirigeret
2425 3115 2504 3178 ad

275 3191 530 3272 optimos
579 3212 841 3274 quosque
890 3207 950 3256 et
998 3196 1235 3257 maxime
1282 3197 1529 3263 idoneos
1581 3197 1844 3258 homines
1889 3193 2206 3278 eligendos.
2289 3194 2500 3275 Neque

276 3269 434 3328 enim
478 3279 640 3329 tanta
688 3289 752 3330 se
812 3271 1121 3352 prudentia
1166 3272 1482 3336 instructos
1535 3293 1658 3334 esse
1704 3285 2018 3345 noverant,
2077 3271 2220 3351 quin
2257 3281 2508 3352 possent

272 3342 401 3404 falli
437 3364 547 3406 nec
584 3355 807 3407 tantum
844 3347 1106 3410 fidebant
1139 3370 1275 3410 suae
1313 3348 1682 3434 diligentiae,
1731 3348 1872 3430 quin
1909 3347 2128 3408 scirent
2163 3347 2506 3428 praecipuas

270 3431 465 3558 {artes
504 3423 561 3480 in
584 3420 703 3482 Dei
736 3423 1149 3487 benedictione
1187 3445 1311 3486 esse
1349 3427 1592 3508 positas:
1632 3437 1699 3486 ut
1719 3425 1984 3504 quotidie
2007 3424 2264 3486 videmus
2303 3441 2498 3502 errare

315 3495 575 3556 ominum
610 3498 842 3575 iudicia,
880 3499 982 3561 ubi
1018 3523 1141 3563 non
1176 3502 1341 3566 adest
1376 3503 1644 3566 coelestis
1709 3502 2014 3564 uberuatio
2055 3513 2121 3561 et
2151 3499 2212 3560 iu
2251 3497 2498 3560 nihilum
2557 3567 2566 3582 ·

174 3622 191 3654 ,
274 3572 541 3634 diffluere
590 3594 793 3636 eorum
825 3575 1099 3654 labores,
1147 3577 1249 3640 ubi
1298 3602 1422 3642 non
1475 3579 1637 3642 adest
1745 3579 1801 3638 ei
1845 3595 2066 3639 manus.
2155 3577 2316 3638 Haec
2361 3594 2502 3637 vera.

270 3660 409 3712 sunt
443 3647 675 3740 piorum
712 3653 992 3732 auspicia,
1039 3655 1319 3736 Spiritum
1356 3655 1474 3716 D'ei
1512 3656 1812 3726 iuvocare,
1905 3653 1962 3715 ui
2000 3667 2202 3714 eorum
2241 3647 2501 3714 consiliis

270 3725 611 3810 praesideat.
690 3728 921 3803 Quodsi
970 3729 1027 3790 in
1068 3731 1316 3813 negotiis
1364 3731 1632 3794 omnibus
1681 3744 1854 3793 tenen
1899 3752 1932 3790 a
1971 3741 2058 3790 est
2093 3727 2238 3792 baec
2275 3725 2502 3810 regula,

316 3803 503 3865 uoties
554 3803 627 3864 de
672 3803 966 3866 Ecclesiae
1012 3807 1440 3890 gubernatione
1487 3809 1676 3888 agitur
1722 3827 1868 3888 quae
1917 3817 2044 3868 tota
2103 3803 2175 3866 ab
2235 3805 2358 3865 eius
2405 3825 2498 3864 ar-

270 3826 449 3940 giu-to
502 3879 747 3962 pendet,
792 3881 1042 3944 sollicite
1091 3883 1404 3944 cavendum
1454 3897 1571 3959 est,
1617 3904 1694 3945 ne
1733 3883 1871 3964 quid
1911 3883 2022 3943 nisi
2068 3883 2198 3963 ipso
2249 3881 2398 3943 duce
2435 3889 2500 3941 et

268 3955 532 4037 praeside
574 3970 883 4022 tentemus.
960 3959 1263 4026 Secundus
1310 3973 1502 4023 autem
1553 3961 1680 4022 finis
1725 3959 2000 4042 precandi
2040 3961 2184 4034 fuit,
2231 3971 2300 4020 ut
2333 3955 2504 4018 Deus.

268 4033 606 4096 necessariis
645 4035 812 4096 donis
850 4035 1164 4097 instrueret
1201 4036 1301 4115 qui
1342 4035 1515 4097 electi
1553 4050 1743 4098 essent
1777 4049 2056 4118 pastores.
2131 4035 2316 4118 Magis
2341 4033 2498 4094 enim

270 4107 447 4168 ardua
483 4128 575 4170 res
615 4123 702 4170 est
736 4111 851 4174 tale
890 4135 1097 4175 munus
1135 4111 1386 4172 fideliter
1413 4113 1644 4192 exsequi
1682 4125 1748 4172 ut
1765 4124 2023 4194 oportet,
2062 4133 2233 4189 quam
2273 4123 2337 4170 ut
2373 4110 2496 4170 sus-

271 4181 466 4242 {iciant
510 4183 791 4248 humanae
832 4187 1000 4250 vires.
1076 4189 1237 4270 Ergo
1292 4185 1400 4248 bac
1439 4208 1673 4268 quoque
1723 4190 1785 4248 in
1835 4201 1998 4269 parte
2035 4189 2149 4252 1)θῖ
2199 4186 2495 4267 81Ψίκῗῑὴ*

220 4281 228 4288 ·
270 4255 457 4318 Pwlo
496 4271 560 4320 el-
590 4261 857 4344 Baraba
902 4265 1237 4330 auctoribus
1284 4263 1618 4346 implorant.
1707 4264 2018 4328 Addunt-ur
2075 4263 2319 4342 ieiunia,
2361 4273 2494 4326 tan-
