2788 4713
256 274 270 281 ’
400 252 629 358 ιω”
732 272 791 356 ’,
1022 339 1032 349 .
1192 276 1878 346 ῐΝΑοΤΑΛΡοετ.

406 426 537 515 pidi
575 424 758 509 magis
791 420 991 485 similis
1030 434 1120 487 est
1156 444 1329 509 quam
1377 424 1635 500 homini,
1695 440 1843 505 ergo
1881 442 2062 502 quum
2101 418 2482 495 auferuntur,
2543 438 2674 479 non

412 504 606 567 minus
646 503 761 563 erit
794 500 989 562 licitus
1020 499 1212 561 dolor.
1300 502 1391 565 Ac
1431 521 1508 562 ne
1545 512 1704 561 extra
1784 511 2108 561 raesentem
2147 495 2344 557 locum
2385 494 2678 577 egrediar,

418 579 621 645 fideles
668 599 795 641 non
844 578 907 638 in
954 588 1150 639 totum
1197 577 1403 661 lugere
1441 588 1600 637 vetat
1635 520 1881 650 Fadius,
1939 594 2120 657 quum
2166 572 2371 666 aliquis
2429 594 2678 664 suorum

418 656 539 719 illis
570 666 761 716 morte
798 654 1079 735 eripitur,
1138 654 1241 715 sed
1296 653 1604 715 discrimen
1654 672 1782 713 esse
1817 651 1944 713 vult
1979 652 2138 711 inter
2183 670 2342 731 ipsos
2381 662 2444 709 et
2479 667 2680 709 incre-

422 732 612 807 dulos,
654 730 961 823 quia·spes
998 728 1110 791 illis
1146 730 1419 792 solatium
1459 749 1584 791 esse
1605 728 1786 790 dehet
1823 740 1884 789 et
1919 728 2316 809 impatientiae
2337 724 2679 786 remedium.

418 809 560 889 Ipsa
594 828 751 869 emm
788 808 995 869 mortis
1032 807 1207 890 origo
1248 806 1418 868 nohis
1457 806 1668 867 merito
1709 805 1972 867 luctuosa
2011 815 2128 877 est,
2185 802 2288 865 sed
2329 802 2466 882 quia
2503 801 2682 861 vitam

414 889 630 946 scimus
668 885 731 945 in
770 884 1033 947 Christo'
1060 876 1319 957 restitui,
1384 881 1662 943 habemus
1755 882 1872 943 uod
1921 881 1993 941 ad
2047 880 2368 941 sedandum
2407 876 2684 947 dolorem

420 961 686 1023 sufficiat.
764 960 1047 1023 Similiter
1084 982 1262 1040 quum
1302 959 1624 1021 Ecclesiam
1663 959 1739 1019 do
1767 978 1927 1019 emus
1967 956 2182 1039 privari
2223 955 2364 1017 raris
2405 967 2468 1016 et
2549 974 2686 1015 rae-

421 1036 707 1100 stantihus
744 1035 901 1110 viris,
940 1035 1257 1119 legitimam
1297 1056 1526 1098 causam
1564 1034 1747 1097 habet
1782 1034 1988 1097 dolor:
2025 1044 2254 1095 tantum
2291 1044 2474 1115 peten
2519 1052 2552 1092 a
2593 1044 2690 1093 est

422 1110 772 1187 consolatio,
854 1132 961 1173 uae
1000 1132 1294 1174 excessum
1332 1113 1608 1197 corrigat.

472 1226 481 1239 ·
575 1197 635 1256 3.
708 1134 931 1249 3⁶:11„
964 1202 1171 1251 Μαι.
1249 1189 1391 1250 Duo
1433 1189 1530 1250 hic
1567 1186 1826 1251 notanda
1867 1198 2034 1249 sunta
2080 1196 2304 1268 quanta
2351 1184 2532 1245 fuerit
2569 1184 2694 1246 ho·-

279 1308 289 1315 -
421 1266 593 1328 stium
632 1266 907 1327 atrocitas
944 1277 1007 1325 et
1084 1288 1216 1327 uam
1254 1265 1498 1329 mirifica
1535 1264 1790 1326 bonitas·
1807 1264 1946 1339 Dei,
1983 1264 2084 1345 qui
2123 1262 2372 1323 Paulum
2410 1262 2469 1321 di
2555 1275 2690 1323 atus

424 1355 513 1404 est
549 1362 619 1401 ex
654 1354 771 1402 tam
792 1340 1015 1403 crudeli
1042 1286 1196 1424 ¹iupo
1236 1344 1434 1404 facere
1473 1354 1788 1423 pastorem.
1863 1340 1972 1401 Illa
1993 1340 2151 1403 enim
2173 1338 2437 1400 vastandi
2499 1338 2697 1415 ubido,

424 1438 540 1499 qua
576 1416 873 1496 fervebat,
918 1438 1081 1513 spem
1122 1418 1740 1502 omnem-praecidere
1775 1416 2102 1479 videbatur.
2185 1416 2396 1497 ltaque
2435 1433 2510 1476 eo
2551 1415 2696 1475 illu-

422 1492 1740 1653 3{?.51.¹;;’‘25²f.f÷¹::.fffi2;.ss?¹¹'5.-‘'3;2²0¹¹5:
1767 1494 2026 1631 222¹:ss
2061 1492 2370 1650 32:933?
2385 1491 2696 1631 ..⁰3:⁰33

424 1646 617 1737 impiis
664 1666 807 1709 cons
852 1646 1131 1739 iras-terat,
1192 1661 1258 1709 ut
1304 1614 1553 1731 s’igniser
1597 1657 1754 1709 esset
1801 1645 2180 1730 crudelitatis.
2281 1644 2475 1725 Saepe
2525 1646 2692 1718 enim

1481 1726 1492 1733 ο

338 1798 345 1805 ⁶
424 1742 655 1806 gravius
691 1724 752 1784 in
792 1744 827 1781 e
854 1736 993 1787 ectus
1034 1746 1206 1807 quam
1245 1725 1309 1785 in
1348 1746 1413 1785 re
1459 1724 1632 1786 robis‘
1655 1735 1899 1805 peccata
1935 1722 2100 1783 Deus
2137 1720 2454 1814 ulciscitur.

576 1806 634 1863 4.
706 1798 817 1859 Illi
850 1815 1039 1863 maon
1074 1800 1343 1877 dispersi.
1417 1746 1510 1862 &lt
1561 1801 1655 1862 hic
1705 1801 1895 1861 Lucas
1941 1797 2274 1860 incredibili
2323 1796 2440 1858 Dei
2485 1799 2700 1892 provi-

426 1874 625 1937 dentia
664 1876 880 1937 factum
923 1898 1047 1941 esse
1086 1890 1315 1954 narrat,
1376 1891 1445 1940 ut
1480 1877 1740 1939 fidelium
1779 1876 2075 1957 dissipatio
2114 1875 2184 1935 ad
2224 1874 2364 1935 fidei
2399 1888 2698 1937 nmtatem

424 1951 643 2013 multos
682 1952 1029 2016 adduceret:
1076 1956 1157 2015 ita
1204 1955 1359 2017 solet
1394 1954 1684 2015 Dominus
1731 1952 1924 2015 lucem
1975 1972 2046 2012 ex
2088 1948 2354 2012 tenebris
2405 1963 2466 2011 et
2509 1952 2696 2014 vitam

428 2047 497 2087 ex
536 2040 726 2090 morte
768 2030 1001 2091 elicere.
1075 2032 1227 2091 Nam
1265 2051 1377 2092 vox
1414 2031 1756 2112 Evangelii,
1806 2048 1956 2108 quae
2003 2048 2126 2088 uno
2179 2038 2410 2088 tantum
2447 2031 2508 2088 in
2549 2028 2696 2092 loco

424 2106 791 2180 audiebatur,
830 2128 989 2167 nunc
1011 2107 1231 2201 ubique
1260 2119 1561 2190 personat.
1635 2106 1874 2167 Interea
1909 2124 2225 2165 monemur
2261 2102 2378 2165 hoe
2399 2106 2698 2187 exemplo,

423 2182 981 2321 Essffi‘tffitiss⁰{¹z;²:
1018 2186 1257 2321 ¹2¹3?ssss
1280 2184 1782 2322 “‘lssssssmsisszss’
1803 2182 1942 2319 2⁸53.
1961 2179 2699 2321 ‘’1322'’33.1‘25‘fi·325353

426 2279 609 2418 lymag‚
645 2354 839 2416 neque
878 2336 1077 2399 exsilio
1113 2359 1179 2400 ac
1220 2282 1624 2419 praesentibds
1661 2332 1906 2397 miseriis
1945 2278 2067 2397 {ec
2119 2332 2243 2397 ullo
2284 2334 2346 2395 in
2385 2340 2696 2416 posterum

428 2425 593 2474 metu
630 2413 1015 2551 sranffuntur⁹
1072 2425 1139 2474 ut
1177 2414 1251 2475 de
1330 2427 1546 2476 nerent
1592 2413 1665 2474 ad
1703 2413 1992 2508 ignaviam
2039 2409 2134 2473 vel
2172 2412 2536 2474 tarditatem:
2585 2415 2696 2476 sed

428 2489 491 2550 in
533 2489 655 2570 ipsa
695 2511 761 2552 ca
784 2491 1021 2554 amitate
1058 2493 1227 2572 perin
1272 2513 1305 2553 e
1346 2505 1482 2554 sunt
1521 2490 1592 2552 ad
1616 2489 1915 2552 Christum
1955 2489 2412 2571 praedicandum
2447 2488 2696 2567 alacres,

428 2566 547 2627 acsi
595 2565 741 2628 nihil
784 2589 1043 2650 unquam
1090 2569 1406 2631 subiissent
1449 2566 1770 2629 molestiae.
1877 2567 2044 2643 Quin
2083 2566 2260 2626 etiam
2295 2565 2528 2627 videtur
2577 2587 2696 2628 no-

424 2654 556 2703 tare
580 2643 765 2705 Lucas
802 2643 1055 2727 hospitia
1090 2645 1341 2708 subinde
1379 2644 1662 2707 mutando
1701 2643 2004 2704 erraticam
2042 2643 2217 2704 vitam
2258 2643 2464 2724 egisse.
2525 2643 2696 2724 Ergo

430 2720 479 2780 si
520 2722 781 2811 cupimus
821 2721 1036 2814 horum
1076 2723 1304 2784 censeri
1344 2721 1585 2796 fratres,
1642 2719 1870 2814 sedulo·
1893 2719 2067 2780 nobis
2105 2721 2419 2811 instemus,
2459 2741 2537 2782 ne
2577 2723 2700 2816 ulla

432 2797 1420 2962 23:32⁰2322⁶552¹s²542÷32⁰323
1457 2809 2254 2955 &iiiim‘issssrssssov‘l'i'ia
2281 2815 2700 2936 'affimat

431 2959 588 3008 trina
636 2947 965 3041 fatigemur.
1042 2950 1150 3010 Est
1198 2951 1353 3013 enim
1393 2949 1742 3021 absurdum,
1802 2961 1870 3009 ut
1923 2947 2112 3010 exsilia
2161 2959 2222 3008 et
2271 2947 2482 3032 fugae,
2543 2972 2700 3033 quae

432 3025 695 3106 martyrii
732 3025 1005 3087 tirocinia
1041 3039 1200 3105 sunt,
1236 3037 1434 3088 mutos
1471 3038 1534 3089 et
1571 3027 1861 3088 exanimes
1899 3047 2010 3088 nos
2048 3025 2314 3086 reddant.

602 3187 663 3253 5.
715 3187 1053 3280 Philippus
1108 3199 1322 3254 autem
1376 3207 1571 3275 quum
1614 3191 1899 3256 venisset
1949 3191 2018 3256 in
2075 3188 2302 3256 urbem
2347 3188 2702 3272 Samariae,

340 3301 347 3306 ’
434 3285 835 3375 praedicavit
886 3289 1017 3356 illis
1058 3287 1405 3358 Christum.
1506 3291 1568 3357 6.
1629 3291 1934 3358 Attentae
1979 3279 2187 3361 autein
2239 3302 2422 3357 erant
2461 3291 2700 3359 turbae

436 3387 555 3468 bis,
591 3409 757 3476 quae
801 3388 1185 3458 dicebantur
1225 3413 1265 3457 a
1307 3389 1643 3478 Philippo,
1683 3396 2072 3459 unanimiter
2113 3391 2456 3458 audientes
2499 3401 2566 3458 et
2605 3397 2704 3458 vi-

438 3488 671 3554 dentes
705 3492 913 3578 signa,
954 3513 1125 3580 quae
1170 3489 1428 3559 edehat.
1513 3491 1577 3558 7.
1627 3493 1794 3560 Nam
1839 3513 2036 3582 quum
2077 3495 2336 3581 spiritus
2383 3493 2705 3559 immundi

436 3587 675 3656 multos
731 3591 1131 3674 detinerent,
1197 3593 1547 3660 clamantes
1601 3616 1766 3660 voce
1823 3615 2050 3680 magna
2115 3589 2392 3659 exibant.
2499 3593 2706 3662 Multi

440 3711 705 3778 quoque
744 3692 1090 3782 paralytici
1132 3703 1198 3760 et
1240 3693 1460 3760 claudi
1497 3696 1708 3761 sanati
1748 3694 2020 3760 fuerant.
2113 3696 2174 3760 8.
2235 3695 2329 3759 lta
2373 3691 2496 3760 suit
2545 3717 2705 3782 gau-

440 3789 615 3856 dium
658 3815 953 3880 magnum
998 3796 1067 3861 in
1110 3793 1274 3860 urbe
1330 3793 1464 3861 illa.
1567 3799 1626 3862 9.
1691 3797 1815 3862 Vir
1877 3805 2089 3860 autem
2141 3797 2406 3862 nomine
2457 3796 2708 3877 Simon,

438 3895 618 3982 prius
660 3893 869 3960 fuerat
903 3898 973 3962 in
1014 3894 1198 3976 urbe,
1239 3906 1442 3962 artem
1481 3897 1786 3983 magicam
1831 3917 2176 3975 exercens,
2219 3906 2284 3962 et
2321 3893 2707 3964 dementans

438 4005 691 4081 gentem
736 3994 1089 4064 Samariae:
1142 3998 1365 4066 dicens
1407 4021 1477 4065 se
1513 4017 1654 4065 esse
1698 3995 1976 4085 aliquem
2017 4019 2334 4084 maguum.
2419 4000 2520 4066 10.
2567 3999 2708 4067 Cui

438 4099 673 4163 intenti
724 4105 910 4164 erant
962 4119 1187 4164 omnes
1242 4121 1279 4166 a
1332 4121 1540 4188 parvo
1582 4119 1788 4186 usque
1842 4095 1925 4165 ad
1979 4119 2308 4184 magnum,
2373 4096 2708 4167 diceutes:
2773 4147 2775 4167 .

436 4197 569 4263 Hie
618 4208 717 4264 est
764 4201 967 4264 virtus
1008 4197 1143 4265 Dei
1192 4222 1443 4288 magna.
1537 4199 1634 4266 11.
1703 4201 1941 4265 Intenti
1993 4211 2202 4264 autem
2247 4209 2460 4280 erant,
2517 4199 2707 4286 quod

435 4297 641 4366 multo
683 4311 977 4388 tempore
1020 4303 1159 4368 eius
1202 4302 1452 4388 magiis-
1487 4289 1918 4385 obstupefacti
1967 4297 2236 4366 suerant.
2333 4301 2436 4366 12.
2489 4299 2706 4368 Porro

440 4419 635 4483 quum
688 4401 995 4490 Philippo
1052 4402 1490 4471 credidissent·
1537 4399 2008 4488 evangelizanti
2057 4399 2142 4468 de
2193 4423 2398 4488 regno
2442 4399 2576 4468 Dei
2638 4413 2706 4468 et
2771 4415 2773 4432 ¹
