2788 4713
1607 4 1612 6 -
1641 4 1682 11 -r

371 231 452 291 2ss
1159 218 1247 281 1A
1282 218 1509 283 ACTA
1550 216 1841 281 APOST.

369 386 542 432 sensu
579 367 728 429 tacti
763 366 1018 437 fuerint,
1069 364 1308 447 quoties
1343 384 1409 427 se
1456 363 1751 446 patefecit.
1827 364 1955 427 Nec
2002 366 2257 435 mirnmt,
2294 389 2425 429 rara
2474 370 2634 429 enim

369 458 433 505 et
483 464 804 535 paucorum
843 442 1151 504 bominum
1187 442 1370 503 virtus
1412 455 1511 503 est.
1538 440 1779 523 religio,
1820 462 1968 522 quae
2006 464 2180 505 sanae
2203 444 2635 527 intelligentiae

369 522 600 582 initmm
639 532 746 583 est.
826 520 1180 593 Caeterum,
1217 532 1286 581 ut
1332 520 1520 581 maior
1570 538 1699 597 pars
1748 518 1941 584 ferrea
1992 520 2238 601 quadam
2329 524 2635 599 ervicacia‚

369 618 617 678 operum
654 596 773 657 Dei
811 594 1346 658 considerationem
1383 594 1663 673 repellat,
1702 616 2002 687 nunquam
2051 609 2251 657 tamen
2285 542 2491 661 {ructu
2530 622 2633 661 ca-

365 687 500 737 rent
537 672 1032 759 quemadmodum
1068 672 1266 735 videre
1305 673 1366 733 in
1406 670 1515 733 bac
1553 670 1797 733 historia
1834 672 1991 735 licet.

531 870 632 937 14.
714 870 907 939 Stans
964 879 1174 934 autem
1225 860 1459 932 Petrus
1510 887 1655 933 eum
1722 866 2058 949 undecim,
2124 870 2348 937 extulit
2396 892 2633 939 vocem

255 974 270 993 ‘
360 992 574 1050 suam,
615 982 682 1038 et
721 972 1034 1061 loquutus
1077 976 1173 1033 est
1216 966 1375 1033 illis:
1430 968 1577 1035 Viri
1618 968 1877 1047 Iudaei,
1919 981 1984 1039 et
2022 994 2247 1039 omnes
2292 975 2407 1063 qni
2446 970 2633 1038 habi-

360 1074 504 1139 tatis
545 1072 1080 1157 Hierosolymae,
1122 1078 1348 1135 notum
1389 1066 1519 1134 hoc
1566 1072 1649 1135 sit
1723 1069 1946 1151 vobis,
2002 1082 2067 1139 et
2110 1071 2379 1143 auribus
2418 1077 2633 1161 perci-

357 1166 495 1260 pite
537 1172 740 1240 verba
779 1192 942 1237 mea.
1023 1168 1126 1233 15.
1165 1168 1322 1235 Non
1368 1172 1575 1249 enim,
1640 1172 2185 1259 quemadmodum
2232 1177 2627 1251 existimatis,

355 1278 464 1341 isti
521 1272 688 1341 ebrii
724 1280 902 1337 sunt:
959 1278 1057 1336 est
1101 1272 1272 1335 enim
1316 1268 1478 1336 hora
1522 1270 1656 1349 diei
1698 1276 1906 1341 tertia.
2013 1276 2119 1343 16.
2184 1276 2316 1341 Sed
2356 1276 2483 1342 hoc
2526 1286 2627 1341 est

357 1374 538 1463 quod
591 1374 831 1439 dictum
887 1381 986 1439 est
1023 1394 1146 1459 per
1186 1372 1576 1459 Prophetam
1620 1372 1781 1441 loel.
1894 1375 2142 1493 173⁸&
2185 1380 2311 1443 erit
2341 1379 2420 1443 ’in
2471 1374 2625 1441 ulti-

355 1480 474 1542 mis
547 1472 816 1552 diebus,
899 1472 1062 1539 dicit
1115 1472 1337 1553 Deus,
1393 1473 1727 1543 effundam
1782 1496 1861 1541 ex
1913 1474 2161 1563 Spiritu
2214 1498 2367 1543 meo
2420 1500 2625 1564 super

353 1596 610 1645 omnem
641 1568 928 1641 carnem:
976 1585 1042 1641 et
1065 1572 1554 1661 prophetabunt
1586 1576 1709 1641 filii
1747 1579 1963 1655 vestri,
2010 1587 2074 1643 et
2116 1574 2296 1643 filiae
2341 1588 2623 1657 vestrae,

355 1686 419 1743 et
473 1679 748 1751 iuvenes
801 1679 1002 1743 vestri
1053 1678 1342 1749 visiones
1394 1675 1747 1757 videbunt,
1802 1688 1867 1744 et
1920 1680 2215 1747 seniores
2263 1682 2464 1748 vestri
2510 1700 2621 1746 so-

349 1781 520 1845 mnia
544 1774 980 1843 somniabunt:
1025 1777 1126 1842 18.
1137 1777 1384 1863 Utique
1408 1798 1607 1863 super
1646 1798 1873 1845 servos
1912 1800 2114 1856 meos,
2158 1788 2225 1845 et
2264 1801 2463 1865 super
2504 1802 2622 1847 an·-

349 1878 532 1946 cillas
555 1900 730 1945 meas
771 1881 841 1945 in
885 1876 1122 1944 diebus
1164 1874 1296 1941 illis
1339 1876 1679 1945 effundam
1716 1876 1801 1945 de
1846 1878 2092 1965 Spiritu
2134 1900 2318 1958 meo,
2360 1892 2425 1950 et
2464 1904 2619 1969 pro-

345 1979 728 2069 phetabunt.
809 1979 910 2045 19.
948 1978 1034 2045 Et
1069 1959 1244 2045 dabo
1287 1978 1585 2065 prodigia
1629 1982 1697 2045 in
1742 1976 1936 2044 coelo
1980 2000 2285 2065 superne,
2327 1990 2394 2046 et
2432 1984 2617 2068 signa

343 2076 544 2173 super
579 2095 820 2149 terram
857 2078 1134 2158 inferne,
1177 2081 1557 2163 sanguinem
1604 2090 1669 2144 et
1714 2080 1944 2165 ignem,
1986 2089 2053 2145 et
2078 2101 2391 2167 vaporem
2422 2081 2619 2179 fumi:

341 2186 444 2251 2⁰.
499 2182 618 2251 Sol
669 2190 960 2249 vertetur
1009 2181 1078 2245 in
1129 2176 1469 2257 tenebrae,
1518 2191 1582 2245 et
1630 2178 1785 2245 luna
1841 2182 1911 2245 in
1952 2184 2358 2266 sanguinem,
2404 2185 2617 2267 prius-

345 2308 538 2374 quam
583 2286 805 2351 veniat
857 2280 1000 2349 dies
1039 2278 1309 2347 Domini
1361 2302 1631 2368 magnus
1676 2289 1741 2346 et
1790 2278 2077 2347 illustris.
2174 2280 2277 2347 21.
2344 2281 2433 2347 Et
2470 2284 2614 2364 erit,

343 2389 634 2478 quisquis
673 2387 1074 2488 invocaverit
1113 2405 1354 2451 nomen
1393 2383 1683 2462 Domini,
1724 2380 1941 2448 salvus
1984 2386 2123 2450 erit.

495 2524 590 2591 14.
627 2517 811 2580 sm
831 2518 1270 2580 ‹moemPeu-as.
1336 2512 1546 2578 Standi
1579 2513 1767 2576 verbo
1808 2513 2117 2597 gravemin
2150 2525 2329 2576 coetu
2362 2514 2609 2578 concio-

343 2617 482 2659 nem
519 2597 696 2658 suisse
734 2596 994 2658 habitam
1031 2593 1336 2690 significat.
1414 2591 1757 2675 Surgebant
1819 2591 2023 2668 enim,
2059 2591 2241 2652 verba
2288 2593 2363 2652 ad
2410 2614 2606 2674 popu-

341 2676 466 2734 lum
505 2673 734 2749 facturi,
775 2695 896 2754 quo
937 2672 1160 2736 facilius
1197 2669 1384 2732 audiri
1422 2681 1683 2752 possent.
1742 2667 1981 2730 Summa
2024 2681 2221 2728 autem
2260 2668 2428 2730 buius
2455 2691 2605 2730 con-

342 2751 529 2812 cionis
571 2762 692 2826 est,
731 2751 894 2830 quod
933 2771 1000 2810 ex
1040 2749 1202 2810 dono
1244 2747 1499 2828 Spiritus
1536 2745 1723 2815 sancti
1760 2745 1923 2826 quod
1970 2744 2329 2822 cernebant,
2379 2743 2608 2828 colligit

339 2826 660 2886 exhibitum
695 2827 810 2886 iam
850 2846 975 2887 esse
1019 2823 1320 2886 Gla-istum.
1381 2823 1552 2885 Prius
1589 2835 1786 2884 tamen
1826 2821 2026 2886 falsam
2062 2821 2221 2881 illam
2258 2824 2603 2904 opinionem

338 2902 578 2978 refellit,
617 2903 778 2982 quod
818 2914 1096 2982 putarent
1134 2901 1332 2962 ebrios
1372 2920 1499 2961 esse
1524 2899 1855 2980 discipulos.
1912 2897 2214 2959 Refutatio
2239 2913 2434 2960 autem
2457 2921 2605 2991 pro-

339 2979 524 3042 babili
569 3001 636 3040 ar
679 2990 922 3038 umento
973 2989 1236 3052 constat,
1297 2976 1434 3058 quia
1482 2997 1608 3037 non
1655 2973 1889 3036 soleant
1930 2995 2103 3038 mane
2152 2973 2421 3038 homines
2472 2995 2603 3036 me-

337 3056 534 3118 briari.
605 2997 758 3120 §am
797 3065 865 3114 ut
901 3053 1094 3133 inquit
1131 3051 1375 3114 Paulus:
1459 3051 1583 3126 Qui
1634 3051 1784 3114 ebrii
1832 3064 2005 3130 sunt,
2055 3063 2236 3114 nocte
2276 3065 2415 3114 sunt
2453 3051 2605 3114 ebrii

339 3133 412 3210 (Ι.
451 3132 658 3194 Thess.
695 3139 768 3204 5,
817 3137 872 3198 7.
903 3174 918 3188 .
1010 3129 1250 3190 Pudore
1312 3127 1467 3187 enim
1526 3127 1717 3189 lucem
1810 3129 2033 3210 ugiunt.
2122 3129 2203 3189 Et
2248 3151 2389 3190 sane
2435 3141 2602 3192 tanta

337 3221 430 3270 est
465 3209 634 3272 buius
683 3208 808 3268 viu'i
873 3205 1130 3282 oeditas,
1176 3217 1243 3266 ut
1288 3204 1503 3264 merito
1552 3202 1745 3264 lucem
1835 3217 2053 3284 orrejt.
2141 3205 2352 3288 Neque
2398 3217 2601 3268 tamen

337 3287 454 3348 hoc
501 3297 912 3369 argumentum
949 3294 1241 3364 perpetuo
1279 3281 1520 3358 valeret.
1596 3279 1722 3341 Iam
1773 3282 1931 3352 enim
1974 3303 2083 3344 suo
2120 3294 2395 3364 tempore
2432 3283 2602 3344 inve-

335 3363 588 3424 hebatur
623 3361 836 3426 Iesaias
871 3360 936 3422 in
976 3381 1112 3434 eos,
1159 3359 1260 3439 qui
1305 3357 1379 3420 ad
1416 3357 1749 3418 sectandam
1790 3357 2137 3426 ebrietatem
2179 3381 2351 3422 mane
2390 3380 2596 3442 surge-

337 3439 501 3502 bant.
552 3440 635 3500 Et
672 3438 847 3502 hodie
885 3458 1013 3498 non
1051 3436 1225 3518 pauci
1261 3446 1419 3509 sunt,
1458 3434 1561 3526 qui
1597 3434 1792 3516 porcis
1831 3434 2046 3496 similes
2083 3436 2277 3498 statim
2318 3458 2351 3496 a
2381 3457 2597 3502 somno

335 3515 410 3576 ad
449 3515 664 3598 pocula
699 3515 1079 3578 transsiliunt.
1153 3513 1274 3574 Sed
1355 3531 1593 3574 uoniam
1634 3511 1748 3575 hoc
1784 3511 2067 3574 abhorret
2100 3533 2131 3571 a
2158 3513 2456 3574 communi
2480 3513 2595 3574 ho-

335 3594 559 3657 minum
595 3613 788 3668 more,
824 3589 1134 3654 verisimile
1175 3609 1298 3650 esse
1391 3601 1549 3648 etrus
1588 3601 1782 3671 negat.
1862 3587 1987 3662 Qui
2022 3587 2404 3652 mediocriter
2440 3591 2600 3652 anti-

335 3671 574 3751 quitatis
611 3681 749 3731 sunt
787 3669 994 3751 periti,
1044 3667 1198 3728 diem
1245 3664 1471 3726 civilem
1524 3663 1598 3726 ab
1650 3678 1787 3728 ortu
1806 3663 1947 3726 solis
1985 3663 2059 3725 ad
2098 3685 2369 3726 occasum
2408 3689 2597 3746 usque

335 3749 398 3808 in
449 3745 760 3808 duodecim
811 3745 984 3806 boras
1036 3743 1411 3806 distributum
1463 3741 1639 3804 fuisse
1688 3741 1899 3804 sciunt.
1994 3741 2085 3802 Ita
2134 3739 2319 3802 horae
2370 3756 2595 3804 aestate

335 3825 658 3908 longiores,
707 3823 899 3882 bieme
949 3821 1255 3882 breviores
1305 3830 1493 3883 erant.
1542 3819 1734 3904 {Ergo
1774 3838 1926 3900 quae
1976 3839 2137 3881 nunc
2186 3819 2380 3882 bieme
2432 3843 2598 3882 nona

313 3915 490 3964 esset
525 3913 662 3962 ante
679 3898 1006 3972 meridiem,
1047 3909 1266 3958 aestate
1281 3910 1428 3957 'vero
1454 3895 1679 3972 octava,
1714 3894 2010 3957 veteribus
2032 3895 2205 3956 tertia
2224 3896 2352 3958 fuit.
2404 3895 2595 3972 Quod

335 3992 531 4040 autem
579 3977 788 4038 leviter
833 3987 1061 4036 tantum
1114 3973 1459 4056 opinionem
1498 3970 1797 4034 ebrietatis
1834 3972 2011 4034 diluit·
2040 3972 2282 4052 Petrus,
2329 3973 2464 4034 ideo
2506 3973 2597 4052 fit,

377 4057 470 4116 uia
508 4074 863 4136 supervacua
901 4051 1104 4112 fuisset
1139 4051 1322 4134 magis
1362 4049 1525 4112 anxia
1565 4049 1875 4114 excusatio.
1953 4035 2149 4134 Ergo,
2185 4063 2253 4110 ut
2292 4051 2351 4110 in
2392 4071 2458 4109 re
2498 4051 2594 4110 in-

333 4079 540 4207 dubia,
589 4153 696 4192 eos
743 4129 847 4212 qui
893 4127 1167 4190 ridebant
1205 4127 1388 4210 magis
1438 4127 1793 4209 compescit,
1842 4147 2017 4204 quam
2065 4127 2283 4188 docere
2336 4127 2591 4192 laborat.

335 4211 652 4272 Caeterum
715 4229 840 4270 non
889 4217 1006 4266 tam
1061 4225 1164 4268 eos
1206 4225 1274 4264 ex
1309 4205 1595 4286 temporis
1635 4203 2068 4266 circumstantia
2114 4203 2361 4280 refellit,
2414 4227 2588 4285 quam

331 4285 513 4346 Ioe‘lis
574 4285 935 4348 testimonio.
1011 4283 1161 4344 Nam
1209 4302 1389 4358 quum
1452 4282 1624 4360 dicit,
1682 4279 1945 4342 exhiberi
2000 4279 2589 4372 quodOpraedictum

333 4365 544 4438 suerat,
581 4382 790 4442 eorum
825 4361 1302 4448 ingratitudinem
1341 4359 1705 4446 perstringit,
1740 4359 1902 4438 quod
1940 4369 2055 4420 tam
2092 4357 2323 4442 insigne
2358 4357 2593 4420 benefi-
