2788 4713
636 2 777 12 v-----
836 4 847 6 -
1024 2 1257 13 -v-vvvfi-
1286 2 1361 16 -ν
1409 4 1420 7 -
1449 4 1458 6 -
1517 4 1552 8 —
1583 2 1664 10 --
1707 2 1936 16 —-v---=
1959 4 2014 8 ---
2045 2 2252 12 vv--r-—
2293 2 2380 11 ψ-ι-
2417 4 2512 9 ----

1120 256 1399 322 CAPUT
1436 257 1519 320 11.
2364 272 2440 333 41

161 404 360 496 liquet
448 419 524 496 ‚o
560 412 956 540 sensu-neq?
985 399 1198 494 Petrus
1221 402 1507 487 Davidem
1543 402 1607 495 ip
1644 402 1873 467 coelum
1912 406 2256 497 ascendisse.
2302 406 2445 471 Non

159 494 366 564 agutur
447 480 624 573 wod-e·
658 500 844 540 amma
899 480 1134 572 fvndis,
1171 500 1245 540 an
1285 492 1527 571 recepta
1562 502 1625 541 m
1665 481 1891 543 beatam
1931 497 2187 563 quietem
2211 506 2277 545 ac
2300 506 2443 547 coe-

161 558 319 620 leste
359 556 724 619 domicilium
765 556 970 617 suerit:
1009 556 1113 616 sed
1153 576 1423 617 ascensus
1462 578 1523 617 m
1564 558 1794 619 coelum
1835 559 1940 619 snb
1963 580 2029 621 se
2053 563 2443 643 comprehen-

165 635 258 695 dit
295 654 456 715 quae
495 632 712 695 Paulus
750 632 932 694 docet
966 632 1038 691 ad
1061 632 1348 715 Ephesios
1385 640 1445 705 4,
1462 640 1543 707 9.,
1580 633 1684 695 nbi
1708 634 2003 696 Christum
2034 659 2207 719 supra
2235 642 2454 701 omnes

167 712 384 773 coelos
422 710 701 783 collocat,
741 720 807 769 ut
843 708 1086 789 impleat
1124 710 1338 769 omnia.
1419 710 1623 784 Quare
1706 714 1895 771 enitus
1932 734 2285 794 supervacua
2324 716 2441 777 boc

167 788 318 849 loco
361 800 452 848 est
489 788 563 847 de
602 796 759 848 statu
797 799 1167 847 mortuorum
1207 785 1543 869 disputatio.
1682 808 1761 849 on
1804 788 1957 847 enim
1997 789 2151 849 aliud
2191 804 2443 853 conten-

177 864 274 923 dit
290 864 526 939 Petrus,
565 884 740 943 quam
777 862 1114 923 vaticinium
1155 860 1227 922 de
1265 862 1632 927 sessionem!
1660 864 1776 923 Dei
1802 863 2093 923 dexteram
2116 888 2235 927 non
2264 868 2441 931 fuisse

177 941 248 1001 in
285 938 506 1003 Davide
543 938 932 1019 completum,
981 938 1236 1031 ideoque
1287 936 1427 999 alibi
1520 940 1869 1015 naerendam
1908 955 2033 1001 esse
2073 942 2195 1001 eius
2231 946 2445 1006 verita-

178 1028 334 1080 tem.
405 1016 606 1093 Quum
657 1027 852 1077 autem
901 1015 1149 1078 inveniri
1199 1015 1312 1076 nisi
1350 1015 1411 1075 in
1456 960 1695 1078 &bristo
1738 1036 1813 1077 ne
1856 1029 2027 1091 ueat,
2077 1032 2341 1098 superest
2373 1034 2445 1083 ut

177 1091 393 1153 Iudaei
449 1092 766 1175 prophetia
823 1090 1110 1153 admoniti
1178 1104 1501 1174 agnoscant
1548 1092 1662 1154 sibi
1710 1093 1773 1153 in
1882 1092 2064 1154 bristo
2112 1098 2446 1171 monstrari,

177 1170 352 1250 quod
381 1180 554 1231 tanto
593 1182 729 1230 ante
766 1168 1126 1251 praedictum
1165 1168 1373 1227 suerat.
1450 1168 1671 1230 Verum
1721 1169 1956 1249 quidem
1998 1181 2116 1244 est,
2161 1169 2444 1233 Davidem

173 1258 426 1307 auctore
460 1246 600 1307 Deo
638 1264 914 1329 regnasse
954 1256 1016 1305 et
1050 1244 1413 1324 aliquatenus
1450 1243 1625 1307 fuisse
1676 1247 1799 1306 eius
1838 1246 2141 1307 vicarium=
2195 1266 2319 1308 non
2357 1260 2447 1310 ta-

171 1343 316 1383 men
355 1334 428 1384 ut
463 1322 739 1403 superi·
773 1342 864 1383 ess
899 1332 927 1381 t
963 1320 1238 1382 omnibus
1275 1322 1576 1383 creaturis.
1654 1322 1855 1399 Quare
1904 1323 2087 1385 sessio
2140 1322 2285 1387 baec
2336 1346 2445 1385 ne·-

173 1400 324 1461 mini
365 1342 916 1475 convenit,.nisiffi1
965 1418 1027 1459 ra
1063 1408 1254 1458 totum
1293 1398 1573 1458 mundum
1613 1400 1883 1459 emineat.

337 1474 530 1537 Dixit
565 1474 860 1537 Dominus
963 1477 1153 1535 oncino
1188 1496 1330 1535 meo.
1410 1474 1709 1551 Quoniam
1748 1476 1891 1535 baec
1928 1473 2197 1559 legitima·
2228 1490 2318 1538 est
2335 1477 2445 1539 im-

177 1554 434 1635 perandi
481 1552 673 1629 ratio,
721 1552 827 1612 ubi
865 1550 990 1611 Rex
1037 1554 1166 1631 (aut
1214 1572 1571 1631 quocunque
1624 1550 1739 1613 alio
1778 1564 2026 1612 vocetur
2062 1555 2305 1615 nomine
2345 1558 2447 1649 qui

177 1630 454 1769 {5353ss
487 1629 876 1765 ssssft‘ai‘tg?
914 1628 1649 1765 35d2¹32132¹¹²m⁶5352¹2¹ff2
1664 1628 2444 1783 „22⁶8032⁷}‡.”⁰1”;{›”²{'“'

175 1781 329 1845 Λευὶ
367 1782 614 1855 diceret,
667 1802 791 1841 non
829 1780 942 1842 sibi
979 1725 1204 1843 §emere
1245 1781 1554 1863 sumpsisse
1592 1727 1903 1856 liguorem,
1940 1784 2045 1843 sed
2064 1714 2446 1867 tantum’pa‘niss

177 1860 342 1921 nisse
381 1859 520 1919 Deo
558 1857 806 1919 iubenti.
842 1858 1018 1919 Nunc
1051 1856 1366 1917 videndum
1408 1870 1515 1931 est,
1555 1880 1627 1919 an
1667 1859 1802 1919 satis
1840 1859 2007 1919 firma
2044 1860 2121 1919 sit
2157 1860 2319 1923 Petri
2356 1886 2450 1923 ra-

175 1938 300 1997 tio.
379 1934 636 2018 Colligit
677 1954 1013 1997 sermonem
1063 1932 1269 1993 baberi
1309 1934 1384 1993 de
1424 1934 1692 2011 Christo,
1729 1936 1864 2016 quia
1901 1934 2115 1997 Davidi
2152 1939 2334 2000 sessio
2374 1940 2447 2001 ad

2521 2 2590 29 ,-

177 2012 308 2073 Dei
347 2012 648 2072 dexteram
686 2032 811 2071 non
853 2010 1184 2073 conveniat.
1240 2010 1498 2072 Videtur
1536 2012 1652 2073 boc
1689 2012 1883 2072 refelli
1966 2032 2127 2086 osse,
2167 2016 2448 2094 quoniam
2548 2046 2562 2053 ·

177 2088 480 2174 peculiari
507 2088 629 2149 Dei
665 2088 846 2164 iussu,
883 2089 1148 2161 nomine,
1187 2098 1250 2149 et
1288 2088 1563 2169 auspiciis
1602 2089 1871 2172 regnavit
1955 2089 2116 2150 avid:
2158 2092 2316 2171 quod
2359 2106 2449 2153 est

180 2166 260 2229 ad
299 2166 602 2237 dexteram
638 2163 760 2224 Dei
797 2164 1021 2227 sedere.
1095 2164 1284 2245 Atqui
1324 2165 1535 2227 Petrus
1584 2187 1696 2246 pro
1753 2166 2025 2228 confesso
2065 2169 2244 2228 sumit
2284 2170 2447 2251 quod

181 2264 396 2305 verum
437 2254 549 2317 est,
585 2262 654 2302 ae
691 2242 810 2301 iam
849 2240 1111 2303 breviter
1146 2241 1351 2321 attigi,
1389 2242 1635 2323 amplius
1676 2243 1773 2304 bie
1812 2256 1873 2302 et
1910 2244 2097 2326 magis
2136 2259 2446 2327 augustum

183 2320 512 2403 imperium
536 2318 754 2394 notari,
796 2339 970 2400 quam
1004 2337 1124 2400 quo
1161 2322 1388 2400 potitus
1431 2332 1519 2381 est
1540 2320 1753 2380 David.
1818 2320 2139 2402 Utcunque
2178 2322 2336 2382 enim
2357 2323 2447 2383 vi-

183 2419 294 2459 ces
311 2397 430 2456 Dei
468 2395 713 2472 obierit,
751 2407 812 2456 et
852 2396 1016 2477 quasi
1055 2395 1181 2458 eius
1219 2417 1533 2478 personam
1570 2395 1917 2456 sustinuerit
1956 2399 2281 2479 regnando,
2306 2399 2449 2460 baec

181 2487 397 2536 umen
431 2471 614 2556 longe
649 2473 903 2534 inferior
941 2484 1028 2532 est
1063 2484 1346 2552 potestas,
1385 2493 1562 2554 quam
1600 2484 1666 2532 ut
1690 2473 1762 2533 ad
1787 2473 2088 2532 dexterum
2120 2494 2305 2554 usque
2328 2475 2447 2536 Dei

185 2551 356 2611 latus
393 2550 658 2610 emineat.
737 2551 872 2610 Hoc
924 2548 1082 2609 enim
1121 2547 1364 2610 Christo
1413 2547 1731 2624 tribuitur,
1783 2549 1924 2628 quia
1962 2550 2317 2610 constitutus
2360 2565 2449 2613 est

188 2647 378 2708 snpra
415 2646 646 2686 omnem
683 2626 1112 2709 principatum,
1151 2637 1211 2684 et
1249 2644 1427 2687 omne
1466 2645 1687 2684 nomen
1726 2625 1889 2716 quod
1928 2625 2287 2697 nominatur,
2328 2649 2449 2689 non

183 2715 430 2765 tantun
447 2704 510 2762 iu
531 2702 648 2764 boc
686 2702 940 2776 saeculo,
979 2701 1080 2762 sed
1123 2701 1302 2762 etiam
1340 2702 1403 2761 in
1445 2702 1647 2762 futuro
1686 2700 1931 2781 (Ephes.
1967 2707 2025 2776 1,
2062 2707 2205 2773 2·1.).
2246 2703 2450 2780 Quum

185 2780 384 2862 longe
426 2779 584 2842 infra
615 2778 883 2862 Angelos
927 2777 1193 2840 subsidat
1227 2778 1457 2852 David,
1508 2797 1631 2837 non
1669 2777 1817 2838 adeo
1858 2775 2069 2838 celsam
2106 2780 2304 2840 sedem
2346 2801 2446 2842 oc-

187 2869 413 2938 cupat,
448 2868 517 2917 ut
555 2855 853 2918 secundus
903 2877 934 2916 a
970 2854 1109 2914 Deo
1159 2865 1484 2916 censeatur.
1512 2885 1517 2890 ·
1542 2853 1788 2915 Omnes
1839 2855 1999 2915 enim
2048 2857 2247 2916 coelos
2272 2858 2451 2920 'tran-

187 2934 483 2996 scendere
523 2943 802 3014 oportet,
838 2943 908 2992 ut
943 2931 1218 2994 veniatur
1262 2931 1336 2992 ad
1371 2931 1491 2992 Dei
1532 2929 1843 2994 dexteram.
1923 2930 2130 3007 Quare
2168 2953 2344 2995 nemo
2386 2935 2449 2996 in

189 3031 264 3074 ea
303 3029 446 3073 vere
485 3020 546 3069 et
583 3009 827 3090 proprie
863 3009 1071 3070 sedere
1109 3008 1347 3083 dicitur,
1385 3009 1502 3068 nisi
1542 3007 1975 3088 qud-,creaturas
2014 3029 2219 3071 omnes
2260 3011 2455 3076 bono-

189 3089 277 3150 ris
315 3086 514 3180 gradu
550 3109 617 3147 su
663 3097 809 3151 erat.
887 3086 1013 3160 Qui
1050 3099 1250 3149 autem
1287 3085 1449 3146 inter
1484 3097 1775 3145 creaturas
1814 3085 2069 3160 residet,
2118 3089 2347 3148 etiamsi
2389 3089 2451 3149 in

189 3164 415 3226 ordine
451 3164 625 3245 Ange
651 3182 824 3224 orum
861 3175 1196 3236 censeatur,
1234 3161 1386 3224 infra
1425 3161 1585 3226 illam
1624 3161 1997 3222 altitudinem
2034 3177 2251 3225 manet.
2327 3164 2453 3225 De·-

191 3243 408 3322 nique,
445 3240 606 3300 inter
641 3250 938 3299 creaturas
975 3259 1102 3298 non
1142 3251 1230 3298 est
1269 3238 1601 3320 quaerenda
1636 3237 1757 3298 Dei
1796 3237 2063 3313 dextera,
2102 3241 2206 3303 sed
2246 3260 2453 3303 omnes

193 3319 379 3378 etiam
418 3315 704 3377 coelestes
747 3315 1117 3398 principatus
1153 3315 1575 3397 supereminet.
1651 3315 1723 3373 In
1773 3314 1907 3398 ipso
1934 3329 2267 3408 praeterea
2320 3339 2457 3381 ora-.-

189 3393 384 3455 tionis
439 3393 746 3473 complexu
785 3393 941 3452 inest
977 3411 1256 3473 magmun
1290 3391 1545 3484 pondus.
1621 3389 1873 3452 Iubetur
1920 3390 2017 3453 luc
2064 3392 2189 3452 Rex
2245 3405 2455 3456 tenere

191 3491 490 3534 summum
525 3469 870 3550 imperium,
908 3469 1100 3528 donec
1138 3469 1411 3529 inimicos
1452 3469 1575 3528 eius
1613 3488 1818 3528 omnes
1852 3468 2015 3530 Deus
2052 3473 2457 3550 prostraverit.

199 3547 420 3621 Certe,
467 3546 696 3606 etiamsi
748 3544 1069 3606 concedam
1103 3557 1349 3606 terreno
1386 3544 1635 3606 domine
1674 3565 1893 3604 nomen
1930 3555 2052 3604 tam
2094 3545 2457 3610 honorificae

192 3623 479 3686 sessionis
515 3642 688 3705 posse
727 3621 952 3703 aptari,
980 3641 1138 3705 nego
1174 3632 1375 3682 tamen
1412 3621 1637 3680 tamdiu
1675 3641 1951 3702 regnasse
1987 3622 2305 3697 Davidem,
2347 3627 2455 3686 do-

194 3719 318 3760 nee
351 3697 584 3761 subacti
621 3711 815 3762 essent
854 3718 1060 3759 omnes
1111 3697 1236 3758 eius
1287 3697 1503 3758 hostes.
1588 3699 1742 3763 Nam
1779 3697 1919 3757 ‚binc
1956 3700 2175 3760 merito
2220 3701 2459 3785 colligi-

193 3797 352 3848 mus,
388 3787 693 3838 aeternum
734 3795 859 3836 esse
898 3773 1125 3838 Christi
1164 3793 1431 3856 regnum.
1507 3773 1781 3867 Regnum
1817 3785 2013 3836 autem
2050 3777 2291 3840 Davidis
2332 3799 2455 3845 non

191 3852 384 3918 modo
423 3852 538 3919 suit
571 3851 922 3934 temporale,
958 3851 1062 3916 sed
1099 3852 1384 3914 caducum
1424 3862 1485 3911 et
1522 3870 1762 3950 enguae
1800 3851 2149 3920 durationis.
2205 3853 2303 3924 Ad
2344 3852 2457 3916 h'oe

191 3929 216 3991 i
263 3949 332 3990 se
389 3929 656 3990 moriens
711 3929 930 3988 multos
997 3927 1135 3988 hinc
1190 3927 1332 3986 inde
1391 3940 1736 4010 superstites
1788 3929 2143 3992 adversarios
2195 3929 2307 3990 reli
2350 3931 2455 3991 uit.

265 4005 422 4067 ultas
472 4005 710 4087 quidem
769 4005 1030 4087 insignes
1075 4003 1354 4065 victorias
1404 4005 1777 4079 obtinuerat,
1834 4006 1936 4066 sed
1986 4005 2234 4065 multum
2292 4027 2322 4064 a
2370 4020 2461 4066 est

195 4082 350 4176 quin
393 4101 602 4150 omnes
651 4103 788 4144 suos
837 4081 1036 4144 hostes
1086 4081 1399 4144 domuerit.
1490 4081 1795 4156 Quosdam
1846 4101 1913 4142 ex
1963 4082 2170 4146 vicinis
2218 4082 2457 4165 populis

195 4160 319 4224 nbi
369 4157 516 4224 fecit
549 4157 932 4230 tributarios,
978 4157 1264 4240 quosdam
1309 4157 1653 4240 profligavit
1700 4170 1802 4218 aut
1858 4157 2109 4225 delevit:
2160 4157 2261 4217 sed
2314 4160 2459 4242 quid

192 4236 322 4298 boe
358 4235 438 4297 ad
472 4233 950 4297 universitatem?
1023 4234 1109 4293 Ex
1142 4244 1282 4296 toto
1319 4233 1580 4315 denique
1615 4233 1832 4294 Psalmi
1871 4245 2149 4294 contextu
2188 4235 2461 4297 evincere

195 4312 370 4388 lieet,
409 4331 536 4374 non
573 4310 732 4372 alind
985 4309 1212 4372 Christi
1247 4331 1499 4392 regnum
1536 4329 1711 4391 posse
1748 4310 1941 4370 intelli
1986 4311 2025 4367 ἰ.
2092 4308 2181 4367 Ut
2217 4311 2331 4372 alia
2366 4325 2459 4372 ta-

197 4409 391 4468 eeam,
428 4387 596 4478 quod
627 4387 756 4452 illic
795 4332 1048 4456 liabetur
1085 4387 1162 4452 de
1199 4399 1447 4454 aeterno
1484 4383 1843 4459 sacerdotio,
1878 4405 1915 4446 a
1990 4382 2173 4452 avidis
2208 4405 2465 4470 persona
