2788 4713
1413 2 1466 12 .-
1665 4 1674 7 -
2031 4 2080 9 --
2209 2 2426 40 ..Γ-
2535 4 2580 7 -.
2702 2 2756 14 τ

1071 232 1355 296 CAPUT
1393 234 1475 296 11.
2331 246 2431 307 27-

121 379 306 453 cium,
349 378 470 437 iam
510 376 624 439 sihi
663 376 808 438 olim
844 377 1218 459 promissum,
1257 398 1441 454 nunc,
1478 378 1617 440 dum
1654 393 1791 443 ante
1845 381 2051 443 oculos
2106 396 2229 458 est,
2278 402 2416 445 non

119 478 148 515 a
243 466 476 515 oscant.
545 454 730 531 Quod
769 466 962 515 autem
1003 454 1278 515 omnibus
1318 455 1636 536 exprobrat
1671 478 1990 538 paucorum
2012 460 2239 537 vitium,
2279 482 2416 523 non

119 476 264 593 ἔξεο
303 530 474 605 facit,
511 543 580 592 ut
619 552 826 591 omues
863 530 1068 593 eadem
1108 532 1367 593 involvat
1420 532 1615 613 culpa:
1670 533 1770 592 scd
1824 536 2099 614 quoniam
2150 556 2218 597 ex
2266 536 2417 597 illo-

121 630 258 671 rum
297 607 764 669 subsannatione
803 621 1142 700 opportuna
1193 608 1427 671 occasio
1480 630 1545 671 se
1594 608 1767 671 dabat
1819 624 2021 673 omnes
2070 613 2240 675 simul
2292 614 2415 677 do-
2449 624 2463 637 ⁸

125 684 328 759 cendi,
371 704 500 745 eam
539 706 666 745 uon
708 705 787 745 ne
831 685 977 767 lngit.

283 768 385 827 17.
455 758 600 821 Ena
633 764 700 823 ἐκ
827 765 950 823 ‘mis
984 759 1198 823 diebus.
1295 761 1392 823 Ab
1442 760 1563 825 hoc
1626 761 1849 825 effectu
1957 765 2157 840 rohat,
2238 766 2413 829 exhi--

129 839 328 899 bitum
373 839 486 899 iam
525 858 654 901 esse
693 839 980 901 Messiam.
1055 838 1186 899 10331
1229 838 1465 919 quidem
1505 840 1851 902 novissimos
1930 841 2012 903 ies
2050 864 2173 903 non
2214 845 2414 924 expri-

131 916 282 988 mit,
315 914 412 975 sed
452 936 632 995 quum
672 916 750 975 de
797 916 972 995 plena
1011 915 1306 979 Ecclesiae
1357 916 1733 977 restitutione
1786 918 2060 993 disserat,
2116 940 2239 979 non
2292 921 2415 981 du.-

133 992 310 1053 hium
367 992 502 1071 quin
562 1014 675 1074 pro
721 993 879 1055 hetia
942 992 1042 1053 illa
1103 992 1165 1052 in
1240 993 1427 1055 solam
1487 1005 1789 1074 competat
1841 994 2103 1055 ultimam
2154 1008 2462 1063 aetatem.-

135 1066 306 1145 (Ioel
335 1074 390 1141 2,
424 1068 570 1147 29.).
660 1014 866 1143 guare
917 1068 1062 1131 nihil
1101 1089 1136 1131 a
1173 1068 1355 1133 Ioiilis
1408 1081 1607 1131 mente
1648 1068 1903 1131 alienum
1940 1070 2138 1136 attulit
2172 1070 2416 1149 Petrus,

131 1146 253 1205 sed-
279 1156 506 1205 tantum
545 1145 872 1227 explicandi
921 1166 1092 1207 causa
1150 1145 1266 1207 hoc
1313 1145 1563 1209 verbum
1611 1147 1869 1223 addidit,
1916 1160 1984 1209 ut
2033 1149 2255 1211 scirent
2302 1148 2407 1209 Iu-

134 1221 266 1283 daei
283 1242 410 1283 non
446 1220 618 1283 aliter
655 1242 831 1303 posse
869 1222 1174 1285 instaurari
1213 1222 1555 1299 Ecclesiam,
1593 1244 1742 1300 quae
1780 1237 1925 1288 tunc
1965 1222 2221 1306 collapsa
2262 1238 2413 1303 erat,

133 1319 308 1379 quam
347 1299 398 1361 si
434 1298 554 1361 Dei
593 1298 818 1380 Spiritu
869 1310 1312 1365 renovarentur.
1391 1300 1589 1361 Porro
1639 1301 1773 1381 quia
1820 1300 2119 1365 Ecclesiae
2167 1322 2413 1383 repara-.-

135 1378 244 1450 tio,
281 1376 448 1455 quasi
487 1396 706 1437 novum
744 1375 1056 1439 *saeculum
1095 1374 1290 1439 futura
1331 1388 1478 1451 erat,
1516 1374 1655 1439 ideo
1696 1376 1907 1439 Petrus
1943 1379 2005 1439 in
2047 1377 2169 1439 dies
2208 1381 2419 1441 novis-

22 1464 24 1471 '
135 1454 310 1513 simos
349 1470 482 1513 eam
519 1440 794 1513 confere!
851 1454 931 1513 Et
969 1472 1110 1513 sane
1148 1451 1262 1515 hoc
1301 1453 1509 1515 tritum
1547 1475 1615 1515 ac
1654 1452 1937 1515 familiare
1976 1454 2207 1516 Iudaeis
2258 1469 2419 1533 erat„

137 1528 468 1610 magnificas
515 1550 724 1593 omnes
772 1529 1192 1611 promissiones
1233 1529 1308 1589 de
1361 1530 1539 1593 beato
1593 1540 1656 1592 et
1702 1528 1859 1591 hene
1910 1533 2245 1612 composito
2287 1534 2417 1595 Ec·-

137 1606 346 1667 clesiae
380 1616 558 1679 statu,
595 1628 721 1667 non
759 1618 900 1667 ante
937 1604 1298 1687 completum
1336 1606 1431 1681 iri,
1470 1628 1643 1687 quam
1683 1606 1823 1667 dum
1848 1606 2113 1671 Christus
2150 1608 2415 1671 adventui

139 1704 268 1757 suo,
303 1682 503 1745 omnia
539 1682 602 1743 in
641 1684 942 1765 integrum
979 1683 1338 1749 restitueret.
1416 1682 1680 1745 Proinde
1731 1695 1891 1745 extra
1941 1686 2411 1749 controversiam
2440 1676 2453 1697 ⁸

137 1760 292 1819 inter
325 1760 484 1839 ipsos
523 1772 670 1833 erat,
707 1761 1006 1841 pertinere
1044 1758 1118 1822 ad
1167 1758 1439 1823 ultimum
1483 1772 1717 1853 tempus
1767 1760 1929 1837 quod
1979 1760 2288 1825 adducitur
2338 1785 2415 1825 ex

139 1834 323 1899 Ioele.
413 1834 542 1897 Iam
592 1856 702 1917 per
752 1836 874 1897 dies
913 1835 1172 1929 ultimos,
1209 1836 1306 1899 vel
1343 1836 1771 1917 plenitudinem
1808 1839 2123 1923 temporis,
2161 1852 2415 1903 notatur

137 1912 352 1973 stabilis
389 1912 672 1975 ecclesiae
711 1914 976 1975 conditio
1014 1914 1076 1973 in
1120 1912 1344 1975 Lhristi
1380 1913 1873 1981 manifestatione.

281 1986 624 2129 Effundam
657 1987 730 2051 de
763 1994 976 2066 spiritu
1008 2012 1152 2051 meo.
1227 1989 1375 2052 Vult
1412 1990 1669 2071 probare
1716 1992 1807 2067 (ut
1842 1992 1957 2053 iam
1997 1991 2215 2053 dictum
2258 1995 2407 2072 est),

139 2086 260 2125 non
303 2088 336 2125 a
363 2068 478 2135 'ter
523 2068 784 2148 reparari
835 2087 1010 2149 posse
1059 2065 1419 2143 Ecclesiam,
1478 2088 1655 2160 quam
1706 2068 1846 2129 dato
1896 2066 2124 2149 Spiritu
2178 2082 2413 2131 sanctu.

143 2142 338 2217 Quum
377 2162 526 2236 ergo
565 2164 732 2225 spem
771 2164 975 2205 omnes
1013 2144 1301 2205 haherent
1339 2164 1708 2227 propinquae
1747 2146 2157 2223 restitutionis,
2194 2168 2413 2209 socor-

141 2220 265 2280 diae
299 2240 402 2281 eos
441 2220 772 2295 insimulat,
821 2220 982 2301 quod
1035 2222 1109 2281 de
1149 2220 1300 2283 illius
1341 2223 1572 2283 ratione
1614 2243 1681 2283 ac
1720 2222 1905 2285 modo
1948 2244 2071 2286 non
2112 2223 2409 2320 cogitent.

143 2296 452 2358 Caeterum
516 2318 696 2379 quum
747 2296 1050 2379 Propheta
1101 2298 1244 2360 dicit
1303 2298 1659 2375 Effundam,
1708 2299 1947 2360 minime
2000 2299 2243 2361 dubium
2292 2310 2415 2380 est,

142 2373 278 2452 quin
335 2374 554 2456 largam
605 2374 968 2436 affluentiam
1009 2375 1122 2436 hoc
1161 2373 1346 2436 verbo
1388 2387 1600 2436 notare
1640 2375 1911 2436 voluerit.
1986 2375 2219 2436 Eodem
2257 2397 2413 2440 vero

135 2471 312 2510 sensu
349 2453 614 2532 accipere
654 2452 953 2526 convenit,
990 2451 1307 2513 Effundam
1347 2451 1423 2512 de
1462 2451 1709 2544 Spiritu,
1746 2449 1840 2512 vel
1880 2472 1947 2510 ex
1986 2451 2246 2531 Spiritu,
2287 2454 2414 2513 acsi

133 2527 362 2586 dictum
405 2540 558 2590 esset
601 2527 946 2610 simpliciter
1004 2527 1322 2588 Effundam
1363 2528 1667 2608 Spiritum.
1743 2529 1895 2588 Nam
1942 2526 2059 2588 hoc
2111 2529 2413 2607 posterius

24 2599 26 2628 ¹
131 2601 304 2683 apud
349 2603 706 2685 Prophetam
755 2604 1025 2670 hahetur.
1127 2603 1344 2664 Petrus
1398 2617 1593 2666 autem
1644 2603 1911 2666 Graecos
1960 2615 2245 2680 sequutus
2295 2617 2414 2680 est,

129 2696 240 2772 qui
305 2717 512 2758 vocem
558 2697 912 2760 Hebraicam
963 2709 1051 2759 nx
1093 2709 1401 2762 verterunt
1437 2697 1571 2772 ᾂπό.
1658 2697 1900 2758 Frustra
1956 2717 2105 2779 ergo
2164 2698 2411 2772 quidam

129 2782 408 2845 subtilius
435 2783 536 2844 hic
571 2783 1083 2866 philosophantur.
1163 2782 1322 2857 Quia
1357 2795 1661 2864 utcunque
1697 2794 2003 2844 mutentur
2038 2782 2251 2859 verba,
2304 2805 2411 2844 re-

127 2860 376 2922 tinenda
411 2871 610 2920 tamen
651 2874 740 2922 est
791 2881 960 2920 mens
999 2859 1355 2942 Prophetae.
1433 2859 1701 2936 Interea,
1748 2881 1942 2943 ¹quum
1990 2859 2155 2922 Deus
2202 2860 2410 2922 effum-

127 2939 272 2998 dere
311 2937 600 3018 Spiritum
655 2937 889 3013 dicitur,
948 2937 1031 3000 sic
1080 2938 1267 3018 accipi
1307 2936 1528 2996 dehere
1570 2937 1793 3008 fateor,
1850 2937 2015 3012 qnod
2066 2957 2136 2997 ex
2174 2937 2411 3020 Spiritu

127 3035 278 3086 suo,
311 3027 594 3090 tanquam
631 3035 701 3075 ex
736 3015 914 3075 unico
955 3028 1017 3074 et
1055 3014 1397 3076 inexhausto
1436 3014 1639 3086 fonte,
1676 3013 2063 3094 multiplicem
2103 3014 2409 3076 donorum

125 3090 476 3152 varietatem
511 3093 814 3172 profluere
853 3091 914 3150 in
954 3091 1222 3155 homines
1261 3091 1451 3152 faciat.
1548 3089 1699 3150 Nam
1736 3101 1891 3152 teste
1926 3089 2117 3150 Paulo
2175 3091 2407 3168 diversa

127 3167 368 3244 quidem
409 3180 548 3228 sunt
585 3169 774 3240 dona,
810 3168 913 3228 sed
952 3191 1102 3230 unus
1139 3169 1394 3246 Spiritus
1444 3169 1517 3243 (1.
1558 3167 1703 3230 Cor.
1743 3175 1841 3239 12,
1878 3171 1980 3244 4.).
2058 3167 2217 3229 Hinc
2252 3191 2409 3230 vero

128 3245 464 3328 colligimus
501 3245 704 3304 utilem
743 3239 1100 3326 doctrinam:
1139 3245 1300 3306 Nihil
1338 3246 1511 3307 nobis
1551 3245 1937 3326 praestantius
1976 3265 2007 3304 a
2046 3244 2183 3305 Deo
2224 3265 2410 3325 posse

129 3322 290 3397 dari,
327 3341 505 3398 quam
545 3321 798 3402 Spiritus
839 3316 1114 3406 gratiam,
1165 3323 1286 3383 imo
1335 3323 1464 3382 sine
1518 3321 1661 3396 hac,
1712 3321 1879 3382 nihili
1928 3321 2153 3398 reliqua
2202 3323 2412 3384 omnia

129 3419 276 3460 esse.
351 3399 508 3458 Nam
557 3419 738 3490 quum
787 3399 850 3458 in
899 3419 1120 3460 summa
1159 3399 1322 3460 Deus
1369 3398 1599 3480 populo
1648 3418 1757 3458 suo
1807 3397 1935 3458 vult
1970 3397 2217 3458 salntem
2257 3420 2411 3480 pro-

129 3477 402 3548 mittere,
441 3475 727 3556 Spintum
765 3495 828 3535 se
867 3475 1139 3536 daturum
1190 3473 1456 3537 affirmat.
1534 3473 1695 3535 Hinc
1748 3475 2046 3554 sequitur,
2096 3473 2244 3535 nihil
2292 3497 2411 3536 nos

129 3553 434 3612 honorum
517 3571 646 3612 osse
686 3551 946 3632 adipisci,
985 3553 1180 3613 donec
1218 3552 1445 3632 Spiritu
1484 3564 1691 3612 sancto
1732 3551 2041 3611 donemur.
2118 3551 2199 3611 Et
2238 3565 2409 3613 cei-te

127 3641 410 3709 tanquam
457 3573 630 3688 diavis
681 3640 802 3707 est,
851 3649 1002 3706 quae
1053 3628 1266 3689 ostium
1285 3629 1481 3689 anobis
1519 3639 1775 3702 reserat,
1824 3640 1891 3686 ut
1925 3639 2301 3710 penetremus
2336 3630 2407 3690 :in

133 3723 340 3796 pmnes
385 3703 772 3785 spiritualium
819 3704 1122 3768 honorum
1171 3705 1515 3788 thesauros,
1562 3717 1738 3785 atque
1778 3704 1954 3766 etiam
2004 3705 2412 3788 ingrediamur

131 3805 190 3842 m
225 3799 486 3934 few
513 3783 738 3920 33„
771 3879 1024 3920 emen.
1080 3856 1244 3933 Quid
1265 3857 1408 3920 haec
1432 3855 1776 3918 universitas
1800 3857 2011 3933 valeat,
2050 3879 2120 3920 ex
2146 3879 2407 3938 sequen-

131 3935 288 4028 tibus
309 3946 508 4028 patet.
531 4012 546 4029 ι
583 3935 734 3998 Nam
771 3938 1023 4018 primum
1061 3936 1124 3996 in
1165 3954 1384 4028 gepere
1424 3933 1669 4016 ponitur
1708 3934 1919 3996 Omnis
1970 3957 2138 3997 caro:
2186 3933 2410 4026 deinde

135 4025 328 4149 Ψ.
331 4011 666 4149 affin
705 4010 1814 4150 ‘¹:3¹2¹32352350¹333s2¹12¹¹12m
1864 4012 2017 4149 {2122
2048 4009 2409 4148 {zares}

137 4165 475 4227 munionem
528 4111 816 4230 adrriitllat.
899 4164 1102 4228 annis
1149 4109 1364 4248 igiturp
1377 4185 1549 4240 caro,
1596 4165 1731 4240 quia
1778 4108 2187 4227 nnglescentes
2228 4164 2408 4226 simul

141 4265 202 4302 ac
255 4263 464 4318 senes,
508 4241 753 4304 maseuli
801 4264 872 4304 ac
929 4242 1200 4306 feminae.
1301 4242 1527 4317 Quaeri
1574 4253 1773 4301 tamen
1836 4252 2063 4322 potest,
2118 4259 2227 4299 cur
2268 4253 2416 4304 tan-

139 4341 306 4397 quam
341 4340 564 4380 novum
605 4331 684 4412 ‘et
715 4320 888 4413 prius
927 4319 1255 4414 inauditum
1297 4319 1525 4378 honum
1576 4317 1923 4406 polliceatur
1959 4317 2123 4372 Deus
2172 4315 2409 4450 postulo

139 4417 266 4474 suo,
301 4395 466 4478 quod
486 4397 562 4461 ah
601 4409 774 4461 mmo
811 4397 1052 4462 saeculis
1093 4394 1364 4460 omnihus
1402 4405 1699 4490 praestare
1737 4392 1945 4454 solitus
1982 4390 2193 4452 fuerat.
2310 4390 2401 4448 ul-

2610 4511 2767 4670 Α
