2788 4713
906 251 1181 314 CAPUT
1219 251 1435 313 xxxv,
1551 343 1560 352 ι
2177 229 2296 318 447²

195 401 295 462 11.
370 391 764 456 Adumm-
838 393 1040 455 Primo
1089 405 1311 472 certum
1351 404 1470 468 est,
1518 389 1639 454 aliis
1665 391 1751 454 ¹de
1788 393 1972 456 causis
2011 412 2144 453 enm
2190 411 2292 453 ve-

72 473 235 546 sisse‚
285 483 345 532 et
382 485 585 552 postea
623 469 772 532 banc
809 469 985 531 fuisse
1020 472 1388 552 praecipuam
1429 468 1739 544 fatebitur,
1789 481 1855 530 nt
1897 469 2292 551 eleemosynas

82 549 298 608 fserret
343 547 402 607 in
450 548 767 610 subsidium
814 547 1048 628 inopiae
1100 548 1356 608 fratrum.
1442 545 1562 606 Sed
1614 545 1790 606 facili-s
1841 559 1928 604 est
1977 548 2290 622 excusatio,

72 625 209 704 [uod
252 645 493 686 necesse
530 645 653 684 nou
708 623 906 686 habuit
953 624 1234 684 rationem
1273 624 1550 683 adventus
1599 621 1688 681 sui
1729 621 2002 682 reddere:
2065 635 2291 683 tantum

72 705 118 762 le
222 701 412 761 ollu'ta
464 699 752 782 religione
798 721 861 761 se
907 699 969 759 in
1020 711 1349 760 transcursu
1409 719 1658 794 purgare
1705 697 1907 757 voluit.
1988 697 2186 772 Quare
2227 711 2294 760 ut

72 779 163 838 liu
258 774 433 836 suerit
485 776 865 856 expeditionis
912 788 1211 856 susceptae
1264 777 1604 850 consilium,
1657 773 1767 834 hoc
1817 793 2046 853 semper
2092 793 2290 834 verum

72 866 164 928 :st,
218 873 343 912 non
384 853 497 913 alio
538 853 729 913 animo
768 851 1027 923 venisse,
1075 853 1180 912 nisi
1221 864 1285 911 ut
1320 873 1382 912 se
1423 853 1536 913 Dei
1574 849 1860 912 cultorem
1901 849 2298 932 profiteretur,

72 953 115 990 ιε
158 929 521 990 sanctitatem
574 945 809 1008 quoque
858 929 1063 1008 templi
1102 929 1445 989 adoratione
1493 949 1594 988 sua
1644 927 2016 1008 approbaret.
2091 926 2294 986 Altera

72 1004 317 1087 [uaestio
372 1005 551 1096 magis
596 1005 868 1084 perplexa
921 1016 1039 1080 est,
1090 1005 1389 1084 quomodo
1442 1025 1505 1066 se
1552 1005 1705 1064 dicat
1741 1004 1963 1064 venisse
2016 999 2298 1064 adorandi

72 1101 258 1155 musa,
310 1100 485 1174 quum
532 1101 646 1140 iam
688 1081 904 1140 abolita
956 1091 1107 1139 esset
1156 1079 1357 1160 templi
1413 1079 1618 1163 religio
1671 1089 1730 1138 et
1775 1078 2065 1139 sublatum
2119 1097 2296 1138 omne
2368 1085 2374 1092 ‘

76 1155 257 1236 empli
297 1159 631 1252 discrimen..
676 1157 809 1248 ‘Hic
835 1176 1070 1236 quoque
1096 1155 1446 1248 respondeo,
1487 1155 1746 1238 quamvis
1783 1175 1965 1248 suum·
1990 1155 2298 1250 consilium

72 1245 536 1370 :sssubz‘ss‘z‘zttz
572 1229 1409 1388 23:¹222222213932‘321-551'3‘5'
1414 1234 1605 1371 ’,ἴέἇο
1625 1232 2128 1369 ”Jsstssnssffiess
2135 1232 2300 1368 “1223

72 1386 383 1466 tffigerent,
423 1385 521 1444 sed
564 1383 747 1444 libere
787 1383 1067 1476 nulloque
1108 1385 1371 1444 locorum
1409 1385 1638 1446 delectu
1678 1405 1847 1466 puras
1885 1405 2088 1445 manus
2127 1385 2302 1444 tolle·

72 1474 188 1521 ent
238 1461 320 1539 (Ι.
362 1461 518 1520 Tim.
556 1465 627 1534 2,
671 1462 777 1538 8.).
829 1461 1021 1520 Licuit
1068 1459 1249 1520 Paulo
1306 1483 1484 1542 quum
1526 1461 1994 1544 Hierosolymam
2032 1459 2304 1536 venisset,

74 1539 353 1597 estandae
417 1537 644 1617 pietatis
699 1557 837 1597 suae
886 1557 1053 1599 causa
1102 1537 1385 1617 templum
1434 1537 1697 1620 ingredi,
1757 1545 1816 1596 et
1859 1536 1977 1598 illic
2027 1536 2301 1598 solennes

72 1613 224 1673 ›bire
266 1611 451 1674 cultus
494 1612 669 1672 divini
709 1613 871 1686 ritus,
911 1613 1040 1692 quia
1081 1635 1112 1673 a
1150 1615 1563 1692 superstitione
1601 1634 1780 1696 purus
1822 1626 1978 1686 erat,
2003 1614 2183 1674 modo
2225 1633 2301 1674 ne

72 1689 409 1770 rxpiationes
458 1687 777 1770 susciperet
824 1683 1141 1770 Evangelio
1194 1689 1530 1749 contrarias.
1627 1691 1765 1750 Nou
1819 1709 1962 1782 ergo
2013 1709 2144 1748 eum
2195 1690 2302 1748 im-

72 1767 205 1826 »ulit
248 1763 478 1846 religio,
518 1776 582 1823 ut
619 1765 1085 1847 Hierosolymam
1125 1765 1355 1825 veniret
1391 1785 1460 1824 ex
1496 1765 1668 1858 Legis
1709 1777 2103 1846 praescripto,
2143 1763 2304 1844 quasi
2336 1769 2344 1782 '

72 1843 463 1902 3anctuarium
492 1839 661 1901 l'acies
686 1843 797 1901 Dei
827 1851 978 1902 esset
1015 1854 1079 1901 ut
1118 1840 1283 1900 olim:
1324 1839 1398 1902 a‘b
1434 1842 1773 1901 adoratione
1811 1853 2006 1900 tamen
2047 1853 2305 1918 externa,

71 1939 206 2000 guae
246 1919 395 1997 apud
440 1917 701 1977 homines
742 1917 969 1998 pietatis
1007 1916 1400 1977 testimonium
1443 1912 1627 2005 soret,
1665 1937 1788 1978 non
1828 1915 2152 1976 abborruit.

212 2001 319 2059 12..
387 1993 530 2054 Cum
572 1994 767 2072 aliquo
824 1991 1216 2067 disputantem.
1292 1994 1452 2054 Nihil
1520 1992 1726 2053 horum
1791 2013 2004 2074 negare
2068 2011 2304 2054 necesse

73 2071 266 2130 :abuit
312 2069 560 2145 Paulus,
610 2071 656 2130 si
706 2069 967 2145 fecisset,
1022 2070 1155 2150 quia
1204 2069 1523 2130 defendere
1573 2081 1807 2151 poterat
1858 2082 2016 2129 recte
2070 2069 2304 2130 factum.

72 2149 229 2206 Unus
268 2145 457 2206 suerat
499 2166 529 2204 e
568 2143 771 2206 scribis
810 2145 909 2225 qui
949 2145 1208 2226 quotidie
1248 2145 1642 2226 disputabant,
1685 2166 1793 2208 nec
1833 2166 1974 2206 vero
2015 2156 2111 2205 aut
2144 2146 2306 2227 Lege

72 2235 164 2284 int
200 2245 299 2282 usu
342 2221 821 2302 prohibebantur,
860 2223 999 2300 quin
1042 2221 1292 2282 docendi
1332 2243 1496 2283 causa
1519 2245 1580 2284 se
1605 2225 1897 2284 turmatim
1926 2223 2306 2304 colligerent:

73 2305 181 2361 [mo
223 2301 280 2359 in
320 2297 475 2360 bunc
514 2299 688 2359 finem
730 2318 837 2379 per
873 2299 1028 2359 varia
1068 2297 1227 2358 urbis
1254 2297 1380 2356 loca
1410 2299 1492 2359 dis
1540 2299 1720 2360 ositae
1746 2311 1910 2367 erant
1937 2299 2091 2381 Syna
2139 2317 2310 2390 ogae,

72 2384 127 2437 in
149 2376 352 2456 quibus
375 2396 509 2436 suos
530 2387 849 2436 conventus
888 2385 1157 2457 agerent:
1199 2374 1344 2433 adde
1368 2319 1534 2455 quod
1566 2376 1810 2450 sciebat,
1851 2382 1966 2447 tant
2007 2396 2038 2434 a
2065 2378 2114 2437 C
2162 2382 2304 2437 ristd

72 2473 241 2533 quam
268 2453 559 2533 Apostolis
601 2451 659 2511 id
700 2472 822 2511 esse
864 2451 1095 2511 factum.
1154 2450 1522 2531 Retorquere
1566 2452 1735 2513 etiam
1761 2450 2058 2511 obiectum
2086 2452 2305 2511 crimen

72 2533 129 2589 in
172 2528 518 2588 adversarios
572 2540 905 2609 promptum
958 2538 1109 2601 erat,
1158 2523 1366 2607 quibus
1417 2528 1509 2588 hic
1559 2548 1688 2587 mos
1739 2534 1864 2586 erat
1915 2526 2306 2606 quotidianus.

72 2604 188 2665 Sed
229 2606 356 2685 quia
398 2603 538 2663 nibil
578 2601 730 2664 aliud
770 2604 959 2687 agitur
999 2604 1056 2662 in
1100 2603 1444 2686 praesentia,
1476 2605 1585 2664 nisi
1624 2616 1686 2663 ut
1713 2603 1964 2664 hostium
1997 2602 2306 2664 calumnias

72 2682 411 2763 refellam-et
450 2694 729 2775 coarguat
765 2693 986 2740 temere
1021 2702 1087 2742 ac
1128 2680 1201 2739 de
1243 2678 1745 2761 nibilo‘impetum
1785 2682 1842 2739 in
1883 2698 1946 2740 se
1981 2680 2194 2741 factum
2230 2680 2301 2739 ab

72 2758 414 2837 importunis
454 2756 803 2832 bominibus,
842 2758 913 2817 de
938 2756 1083 2831 iure,
1122 2768 1189 2817 ut
1225 2755 1568 2838 loquuntur,
1607 2776 1728 2816 non
1771 2756 2021 2831 disserit,
2053 2754 2156 2816 sed
2181 2768 2310 2815 tan·

72 2848 195 2895 tum
235 2834 307 2891 de
344 2833 517 2894 facto.
594 2834 939 2893 Praesertim
991 2836 1049 2894 in
1092 2832 1204 2893 boc
1254 2834 1568 2909 incumbit,
1622 2844 1686 2892 ut
1739 2833 1958 2892 fumum
2008 2829 2160 2892 illius
2209 2854 2306 2903 ca-

72 2910 320 2968 lumniae
360 2909 651 2985 discutiat,
702 2912 859 2990 quod
910 2910 1129 2971 delatus
1170 2909 1357 2979 fuerat
1406 2923 1676 2990 tanquam
1715 2910 1923 2970 turbae
1964 2908 2306 2969 concitator.

72 2986 217 3046 [deo
257 2984 550 3045 concludit
585 3007 646 3046 se
686 2988 829 3048 salso
872 2999 932 3046 et
968 2987 1181 3049 iniuste
1227 2998 1582 3060 accusatum,
1635 2986 1767 3066 quia
1819 3003 2116 3065 nunquam
2167 2990 2308 3065 pross

72 3062 297 3122 habunt
341 3062 645 3123 adversarii
693 3083 841 3142 quae
889 3062 948 3121 in
999 3062 1273 3124 iudicium
1322 3064 1694 3125 adduxerant.
1773 3062 1905 3123 Boc
1954 3062 2024 3121 ad
2076 3059 2310 3121 absolu-

72 3137 297 3198 tionem
335 3140 468 3198 satis
508 3139 698 3199 valere
739 3138 1051 3215 debuerat,
1100 3140 1380 3232 improbis
1419 3140 1728 3201 mendaciis
1769 3140 2035 3213 onerari,
2084 3136 2145 3197 in
2188 3159 2307 3219 quo

72 3234 151 3275 ne
191 3212 417 3273 minima
456 3214 689 3292 quidem
730 3214 1005 3275 haerebat
1040 3216 1311 3295 suspicio.

224 3296 314 3355 14.
398 3290 689 3369 Confiteor
733 3302 935 3351 nutem.
1016 3292 1172 3366 Quia
1225 3290 1584 3372 impietatem
1623 3288 1809 3351 Paulo
1860 3289 2202 3352 obiecerant
2252 3300 2312 3351 et

72 3364 273 3447 templi
310 3363 810 3447 profanationem,
874 3387 1028 3425 nunc
1079 3387 1143 3427 se
1193 3366 1264 3426 ab
1316 3376 1570 3447 utroque
1664 3378 1859 3449 urgat,
1911 3379 1975 3426 ut
2022 3362 2313 3451 intelligat

72 3441 261 3517 Felix,
298 3441 420 3503 sola
460 3441 865 3502 malevolentia
918 3442 1137 3522 impelli
1172 3442 1546 3504 adversarios.
1681 3461 1768 3502 am
1812 3444 1922 3503 etsi
1960 3434 2096 3502 salsa
2135 3445 2210 3503 sit
2246 3464 2313 3504 ae

73 3530 450 3611 praepostera
496 3539 641 3599 quae
693 3518 1038 3579 obtenditur
1083 3518 1322 3611 religio,
1369 3537 1541 3608 saepe
1591 3532 1787 3610 tagnen
1833 3518 2047 3598 aliquid
2101 3520 2311 3613 favoris

72 3598 224 3732 3¹32?
252 3596 523 3731 ἒιῖῗΐῗ
581 3597 2310 3764 35:321‘tssffiffkisslffsstsssszi&imitat·dffssffisssmxss'a

72 3748 251 3809 modo
290 3746 655 3811 sacerdotum
694 3748 823 3810 zelo
864 3758 1225 3831 ignosceret,
1260 3749 1361 3808 sed
1403 3746 1574 3807 etiam
1613 3751 1969 3809 concederet
2006 3746 2164 3825 quod
2247 3767 2312 3805 e-

73 3824 295 3885 tebant.
371 3822 627 3884 Proinde
680 3824 825 3886 banc
874 3844 1110 3905 quoque
1161 3823 1540 3885 accusationis
1594 3838 1817 3905 partem
1869 3822 2033 3883 diluit
2071 3822 2309 3905 Pauus,

74 3912 135 3960 et
217 3898 405 3959 uidem
447 3919 520 3960 eo
560 3899 773 3978 modo,
823 3913 888 3960 ut
926 3898 1219 3981 Evangelii
1262 3900 1434 3960 fidem
1475 3920 1592 3960 nou
1635 3902 1911 3982 attingat:
1977 3898 2108 3977 quia
2147 3910 2312 3976 tunc,

72 3989 138 4037 ut
218 3977 435 4055 inimus,
476 3976 737 4035 nondum
776 3998 811 4036 o
861 3989 1107 4057 portuna
1149 3988 1273 4036 erat
1312 3977 1434 4037 eius
1474 3978 1782 4039 consessio.
1859 3974 1978 4057 Sed
2019 3974 2157 4054 quid
2199 3974 2312 4039 boc

79 4064 200 4127 est,
248 4050 405 4131 quod
447 4052 643 4115 colere
674 4052 745 4113 'se
844 4073 975 4113 eum
1026 4052 1237 4113 fatetur
1280 4054 1598 4115 secundum
1647 4051 1828 4127 viam,
1880 4072 2052 4129 quam
2103 4062 2314 4113 vocant

80 4126 382 4189 haeresin?
468 4126 723 4209 Q'u‘idam
770 4136 973 4211 putant
1022 4128 1199 4189 instar
1250 4130 1640 4192 concessionis
1693 4131 1804 4188 hoc
1859 4143 1981 4186 esse
2030 4127 2310 4203 additum,

78 4207 245 4283 quia,
289 4202 446 4285 quod
486 4205 703 4266 iu'dicio
743 4218 805 4267 et
853 4216 1045 4265 rectae
1095 4202 1369 4267 electioni
1420 4206 1598 4267 tribui
1647 4200 1927 4276 debebat,
1986 4202 2046 4264 in
2105 4197 2312 4266 malam

80 4289 298 4362 partem
356 4280 669 4347 trabebant
722 4280 944 4345 hostes:
1010 4282 1134 4343 acsi'
1182 4282 1411 4347 dixisset
1459 4281 1701 4354 Paulus,
1760 4280 2042 4360 haeresin·
2075 4282 2310 4365 quidem

79 4358 271 4418 vocari
302 4373 471 4439 quam
509 4370 785 4440 sequutus
822 4369 947 4423 erat
984 4357 1284 4443 religIonis
1324 4361 1592 4437 formam,
1628 4356 1732 4421 sed
1769 4354 2080 4421 immerito.
2131 4351 2311 4439 Atqui

2697 9 2714 222 ⁴⁴⁴—j
