<?xml version="1.0" encoding="UTF-8"?>
<!DOCTYPE html PUBLIC "-//W3C//DTD XHTML 1.0 Transitional//EN"
    "http://www.w3.org/TR/xhtml1/DTD/xhtml1-transitional.dtd">
<html xmlns="http://www.w3.org/1999/xhtml" xml:lang="en" lang="en">
 <head>
  <title>
</title>
<meta http-equiv="Content-Type" content="text/html;charset=utf-8" />
  <meta name='ocr-system' content='tesseract 3.04.00' />
  <meta name='ocr-capabilities' content='ocr_page ocr_carea ocr_par ocr_line ocrx_word'/>
</head>
<body>
  <div class='ocr_page' id='page_1' title='image "./ioanniscalvinii05tholgoog/ioanniscalvinii05tholgoog_0209.png"; bbox 0 0 2788 4713; ppageno 0'>
   <div class='ocr_carea' id='block_1_1' title="bbox 964 256 2466 371">
    <p class='ocr_par' dir='ltr' id='par_1_1' title="bbox 964 256 2466 371">
     <span class='ocr_line' id='line_1_1' title="bbox 964 256 2466 371; baseline 0.005 -36"><span class='ocrx_word' id='word_1_1' title='bbox 964 260 1031 371; x_wconf 69' lang='lat' dir='ltr'>&#39;f</span> <span class='ocrx_word' id='word_1_2' title='bbox 1084 256 1091 261; x_wconf 82' lang='grc'><strong><em>’</em></strong></span> <span class='ocrx_word' id='word_1_3' title='bbox 1149 270 1542 338; x_wconf 67' lang='grc' dir='ltr'>εΑΡυτκ,</span> <span class='ocrx_word' id='word_1_4' title='bbox 2347 276 2466 343; x_wconf 67' lang='lat' dir='ltr'>iss</span> 
     </span>
    </p>
   </div>
   <div class='ocr_carea' id='block_1_2' title="bbox 185 410 2598 1965">
    <p class='ocr_par' dir='ltr' id='par_1_2' title="bbox 185 410 2598 881">
     <span class='ocr_line' id='line_1_2' title="bbox 186 410 2459 501; baseline 0.002 -22"><span class='ocrx_word' id='word_1_5' title='bbox 186 428 313 479; x_wconf 81' lang='lat' dir='ltr'>stus</span> <span class='ocrx_word' id='word_1_6' title='bbox 351 436 483 477; x_wconf 81' lang='lat' dir='ltr'>non</span> <span class='ocrx_word' id='word_1_7' title='bbox 522 416 601 477; x_wconf 85' lang='lat' dir='ltr'>sit</span> <span class='ocrx_word' id='word_1_8' title='bbox 636 414 807 478; x_wconf 79' lang='lat' dir='ltr'>nohis</span> <span class='ocrx_word' id='word_1_9' title='bbox 848 412 1074 477; x_wconf 87' lang='lat' dir='ltr'>lucrum</span> <span class='ocrx_word' id='word_1_10' title='bbox 1114 426 1231 479; x_wconf 87' lang='lat' dir='ltr'>tam</span> <span class='ocrx_word' id='word_1_11' title='bbox 1252 416 1504 479; x_wconf 82' lang='lat' dir='ltr'>vivendo</span> <span class='ocrx_word' id='word_1_12' title='bbox 1544 436 1719 499; x_wconf 83' lang='lat' dir='ltr'>quam</span> <span class='ocrx_word' id='word_1_13' title='bbox 1755 410 2089 496; x_wconf 78' lang='lat' dir='ltr'>moriendo,</span> <span class='ocrx_word' id='word_1_14' title='bbox 2128 439 2307 501; x_wconf 87' lang='lat' dir='ltr'>quum</span> <span class='ocrx_word' id='word_1_15' title='bbox 2347 441 2459 483; x_wconf 82' lang='lat' dir='ltr'>nos</span> 
     </span>
     <span class='ocr_line' id='line_1_3' title="bbox 188 491 2462 577; baseline 0.001 -22"><span class='ocrx_word' id='word_1_16' title='bbox 188 494 277 555; x_wconf 89' lang='lat' dir='ltr'>illi</span> <span class='ocrx_word' id='word_1_17' title='bbox 320 493 591 555; x_wconf 86' lang='lat' dir='ltr'>dicamus</span> <span class='ocrx_word' id='word_1_18' title='bbox 630 491 809 573; x_wconf 88' lang='lat' dir='ltr'>(Phil.</span> <span class='ocrx_word' id='word_1_19' title='bbox 850 500 909 567; x_wconf 82' lang='grc'>1,</span> <span class='ocrx_word' id='word_1_20' title='bbox 946 494 1091 569; x_wconf 80' lang='lat'><strong>21.).</strong></span> <span class='ocrx_word' id='word_1_21' title='bbox 1187 492 1353 577; x_wconf 85' lang='lat' dir='ltr'>Ergo</span> <span class='ocrx_word' id='word_1_22' title='bbox 1406 494 1552 554; x_wconf 85' lang='lat' dir='ltr'>nihil</span> <span class='ocrx_word' id='word_1_23' title='bbox 1593 494 1828 557; x_wconf 78' lang='lat' dir='ltr'>absurdi</span> <span class='ocrx_word' id='word_1_24' title='bbox 1869 498 2014 573; x_wconf 86' lang='lat' dir='ltr'>erit,</span> <span class='ocrx_word' id='word_1_25' title='bbox 2076 497 2128 558; x_wconf 85' lang='lat' dir='ltr'>si</span> <span class='ocrx_word' id='word_1_26' title='bbox 2179 497 2462 557; x_wconf 82' lang='lat' dir='ltr'>maiorem</span> 
     </span>
     <span class='ocr_line' id='line_1_4' title="bbox 185 566 2598 725; baseline 0.001 -94"><span class='ocrx_word' id='word_1_27' title='bbox 185 572 426 725; x_wconf 48' lang='lat' dir='ltr'>&amp;oriae</span> <span class='ocrx_word' id='word_1_28' title='bbox 480 589 623 631; x_wconf 86' lang='lat' dir='ltr'>suae</span> <span class='ocrx_word' id='word_1_29' title='bbox 668 570 957 629; x_wconf 85' lang='lat' dir='ltr'>rationem</span> <span class='ocrx_word' id='word_1_30' title='bbox 1009 568 1283 630; x_wconf 83' lang='lat' dir='ltr'>habuerit</span> <span class='ocrx_word' id='word_1_31' title='bbox 1328 566 1650 665; x_wconf 39' lang='lat' dir='ltr'>DominusL</span> <span class='ocrx_word' id='word_1_32' title='bbox 1684 592 1875 665; x_wconf 51' lang='lat' dir='ltr'>quam·</span> <span class='ocrx_word' id='word_1_33' title='bbox 1903 573 2100 665; x_wconf 45' lang='lat' dir='ltr'>‘ipsius</span> <span class='ocrx_word' id='word_1_34' title='bbox 2147 574 2463 664; x_wconf 54' lang='lat' dir='ltr'>Jabithae.</span> <span class='ocrx_word' id='word_1_35' title='bbox 2576 635 2598 650; x_wconf 44' lang='grc' dir='ltr'><em>Ι</em></span> 
     </span>
     <span class='ocr_line' id='line_1_5' title="bbox 188 646 2466 803; baseline 0.002 -19"><span class='ocrx_word' id='word_1_36' title='bbox 188 656 1023 784; x_wconf 51' lang='lat' dir='ltr'>ceffssziqissff’nui‘iss‘ss&#39;ssffis</span> <span class='ocrx_word' id='word_1_37' title='bbox 1058 646 2466 803; x_wconf 41' lang='lat' dir='ltr'>²1:¹35&amp;‘⁸333’⁶‡2¹:‘?;;‡²¹¹.¹2¹2²3u¹3321.{¹⁰3}3</span> 
     </span>
     <span class='ocr_line' id='line_1_6' title="bbox 190 796 1551 881; baseline 0 -21"><span class='ocrx_word' id='word_1_38' title='bbox 190 800 435 861; x_wconf 85' lang='lat' dir='ltr'>divinae</span> <span class='ocrx_word' id='word_1_39' title='bbox 478 796 753 859; x_wconf 80' lang='lat' dir='ltr'>honitatis</span> <span class='ocrx_word' id='word_1_40' title='bbox 796 810 859 857; x_wconf 89' lang='lat' dir='ltr'>et</span> <span class='ocrx_word' id='word_1_41' title='bbox 897 799 1203 878; x_wconf 84' lang='lat' dir='ltr'>potentiae</span> <span class='ocrx_word' id='word_1_42' title='bbox 1243 818 1551 881; x_wconf 83' lang='lat' dir='ltr'>organum.</span> 
     </span>
    </p>

    <p class='ocr_par' dir='ltr' id='par_1_3' title="bbox 194 869 2467 1278">
     <span class='ocr_line' id='line_1_7' title="bbox 356 869 2463 957; baseline 0 -18"><span class='ocrx_word' id='word_1_43' title='bbox 356 881 450 939; x_wconf 73' lang='lat'>42</span> <span class='ocrx_word' id='word_1_44' title='bbox 525 874 611 933; x_wconf 65' lang='lat' dir='ltr'>Et</span> <span class='ocrx_word' id='word_1_45' title='bbox 638 869 1025 935; x_wconf 62' lang='lat' dir='ltr'>crediderumt.</span> <span class='ocrx_word' id='word_1_46' title='bbox 1102 874 1227 935; x_wconf 83' lang='lat' dir='ltr'>Iam</span> <span class='ocrx_word' id='word_1_47' title='bbox 1276 874 1445 936; x_wconf 81' lang='lat' dir='ltr'>multi</span> <span class='ocrx_word' id='word_1_48' title='bbox 1491 875 1581 935; x_wconf 81' lang='lat' dir='ltr'>lex</span> <span class='ocrx_word' id='word_1_49' title='bbox 1632 886 1875 957; x_wconf 81' lang='lat' dir='ltr'>apparet</span> <span class='ocrx_word' id='word_1_50' title='bbox 1921 875 2186 936; x_wconf 86' lang='lat' dir='ltr'>miraculi</span> <span class='ocrx_word' id='word_1_51' title='bbox 2221 875 2463 939; x_wconf 79' lang='lat' dir='ltr'>fructus.</span> 
     </span>
     <span class='ocr_line' id='line_1_8' title="bbox 194 950 2465 1033; baseline 0 -20"><span class='ocrx_word' id='word_1_52' title='bbox 194 952 501 1033; x_wconf 78' lang='lat' dir='ltr'>Pauperes</span> <span class='ocrx_word' id='word_1_53' title='bbox 540 952 696 1011; x_wconf 88' lang='lat' dir='ltr'>enim</span> <span class='ocrx_word' id='word_1_54' title='bbox 716 952 877 1011; x_wconf 89' lang='lat' dir='ltr'>Deus</span> <span class='ocrx_word' id='word_1_55' title='bbox 916 950 1133 1013; x_wconf 85' lang='lat' dir='ltr'>solatus</span> <span class='ocrx_word' id='word_1_56' title='bbox 1172 963 1280 1026; x_wconf 86' lang='lat' dir='ltr'>est,</span> <span class='ocrx_word' id='word_1_57' title='bbox 1319 952 1616 1013; x_wconf 85' lang='lat' dir='ltr'>Eccesiae</span> <span class='ocrx_word' id='word_1_58' title='bbox 1651 953 1884 1013; x_wconf 81' lang='lat' dir='ltr'>reddita</span> <span class='ocrx_word' id='word_1_59' title='bbox 1919 964 2010 1013; x_wconf 81' lang='lat' dir='ltr'>est</span> <span class='ocrx_word' id='word_1_60' title='bbox 2045 952 2138 1033; x_wconf 91' lang='lat' dir='ltr'>pia</span> <span class='ocrx_word' id='word_1_61' title='bbox 2177 964 2465 1030; x_wconf 85' lang='lat' dir='ltr'>matrona,</span> 
     </span>
     <span class='ocr_line' id='line_1_9' title="bbox 201 1025 2464 1090; baseline 0.001 -2"><span class='ocrx_word' id='word_1_62' title='bbox 201 1029 271 1088; x_wconf 87' lang='lat' dir='ltr'>in</span> <span class='ocrx_word' id='word_1_63' title='bbox 336 1028 493 1087; x_wconf 86' lang='lat' dir='ltr'>cuius</span> <span class='ocrx_word' id='word_1_64' title='bbox 543 1040 739 1087; x_wconf 86' lang='lat' dir='ltr'>morte</span> <span class='ocrx_word' id='word_1_65' title='bbox 800 1025 1049 1087; x_wconf 85' lang='lat' dir='ltr'>multum</span> <span class='ocrx_word' id='word_1_66' title='bbox 1097 1029 1355 1088; x_wconf 87' lang='lat' dir='ltr'>iacturae</span> <span class='ocrx_word' id='word_1_67' title='bbox 1405 1028 1626 1089; x_wconf 77' lang='lat' dir='ltr'>factum</span> <span class='ocrx_word' id='word_1_68' title='bbox 1679 1040 1807 1089; x_wconf 81' lang='lat' dir='ltr'>erat</span> <span class='ocrx_word' id='word_1_69' title='bbox 1857 1040 1918 1088; x_wconf 76' lang='lat' dir='ltr'>et</span> <span class='ocrx_word' id='word_1_70' title='bbox 1967 1028 2138 1089; x_wconf 89' lang='lat' dir='ltr'>multi</span> <span class='ocrx_word' id='word_1_71' title='bbox 2175 1028 2246 1088; x_wconf 88' lang='lat' dir='ltr'>ad</span> <span class='ocrx_word' id='word_1_72' title='bbox 2287 1028 2464 1090; x_wconf 86' lang='lat' dir='ltr'>fidem</span> 
     </span>
     <span class='ocr_line' id='line_1_10' title="bbox 202 1094 2467 1181; baseline 0.002 -18"><span class='ocrx_word' id='word_1_73' title='bbox 202 1115 501 1165; x_wconf 78' lang='lat' dir='ltr'>vocantur.</span> <span class='ocrx_word' id='word_1_74' title='bbox 578 1104 727 1164; x_wconf 88' lang='lat' dir='ltr'>Nam</span> <span class='ocrx_word' id='word_1_75' title='bbox 770 1104 879 1165; x_wconf 84' lang='lat' dir='ltr'>etsi</span> <span class='ocrx_word' id='word_1_76' title='bbox 898 1102 1109 1165; x_wconf 84' lang='lat' dir='ltr'>Petrus</span> <span class='ocrx_word' id='word_1_77' title='bbox 1146 1115 1171 1163; x_wconf 78' lang='lat' dir='ltr'>t</span> <span class='ocrx_word' id='word_1_78' title='bbox 1210 1116 1344 1164; x_wconf 83' lang='lat' dir='ltr'>ntae</span> <span class='ocrx_word' id='word_1_79' title='bbox 1372 1105 1602 1166; x_wconf 80' lang='lat' dir='ltr'>virtutis</span> <span class='ocrx_word' id='word_1_80' title='bbox 1641 1104 1838 1165; x_wconf 78' lang='lat' dir='ltr'>suerat</span> <span class='ocrx_word' id='word_1_81' title='bbox 1873 1094 2162 1181; x_wconf 80' lang='lat' dir='ltr'>minister,</span> <span class='ocrx_word' id='word_1_82' title='bbox 2198 1104 2467 1167; x_wconf 87' lang='lat' dir='ltr'>homines</span> 
     </span>
     <span class='ocr_line' id='line_1_11' title="bbox 198 1180 2144 1278; baseline -0.002 -35"><span class='ocrx_word' id='word_1_83' title='bbox 198 1192 399 1243; x_wconf 78' lang='lat' dir='ltr'>tamen</span> <span class='ocrx_word' id='word_1_84' title='bbox 440 1180 500 1241; x_wconf 87' lang='lat' dir='ltr'>in</span> <span class='ocrx_word' id='word_1_85' title='bbox 540 1198 605 1239; x_wconf 86' lang='lat' dir='ltr'>se</span> <span class='ocrx_word' id='word_1_86' title='bbox 642 1200 770 1240; x_wconf 82' lang='lat' dir='ltr'>non</span> <span class='ocrx_word' id='word_1_87' title='bbox 809 1180 1050 1254; x_wconf 85' lang='lat' dir='ltr'>retinet,</span> <span class='ocrx_word' id='word_1_88' title='bbox 1088 1200 1150 1241; x_wconf 87' lang='lat' dir='ltr'>se</span> <span class='ocrx_word' id='word_1_89' title='bbox 1230 1180 1302 1240; x_wconf 86' lang='lat' dir='ltr'>ad</span> <span class='ocrx_word' id='word_1_90' title='bbox 1346 1181 1644 1241; x_wconf 73' lang='lat' dir='ltr'><strong>Christum</strong></span> <span class='ocrx_word' id='word_1_91' title='bbox 1685 1182 1885 1262; x_wconf 81' lang='lat' dir='ltr'>potius</span> <span class='ocrx_word' id='word_1_92' title='bbox 1925 1181 2144 1278; x_wconf 68' lang='lat' dir='ltr'>dirigit.</span> 
     </span>
    </p>

    <p class='ocr_par' dir='ltr' id='par_1_4' title="bbox 190 1252 2494 1965">
     <span class='ocr_line' id='line_1_12' title="bbox 350 1252 2465 1334; baseline -0.001 -15"><span class='ocrx_word' id='word_1_93' title='bbox 350 1261 443 1321; x_wconf 76' lang='lat'>43.</span> <span class='ocrx_word' id='word_1_94' title='bbox 532 1254 737 1330; x_wconf 88' lang='lat' dir='ltr'>Quum</span> <span class='ocrx_word' id='word_1_95' title='bbox 778 1256 935 1318; x_wconf 76' lang='lat' dir='ltr'>’dicit</span> <span class='ocrx_word' id='word_1_96' title='bbox 978 1256 1224 1317; x_wconf 83' lang='lat' dir='ltr'>Petrum</span> <span class='ocrx_word' id='word_1_97' title='bbox 1282 1252 1567 1318; x_wconf 65' lang='lat' dir='ltr'>habitasse</span> <span class='ocrx_word' id='word_1_98' title='bbox 1623 1256 1792 1334; x_wconf 78' lang='lat' dir='ltr'>apud</span> <span class='ocrx_word' id='word_1_99' title='bbox 1840 1261 2188 1333; x_wconf 63' lang='lat' dir='ltr'>eor-ianuas,</span> <span class='ocrx_word' id='word_1_100' title='bbox 2249 1255 2465 1321; x_wconf 87' lang='lat' dir='ltr'>coniici</span> 
     </span>
     <span class='ocr_line' id='line_1_13' title="bbox 198 1332 2467 1415; baseline 0 -23"><span class='ocrx_word' id='word_1_101' title='bbox 198 1332 339 1393; x_wconf 85' lang='lat' dir='ltr'>hine</span> <span class='ocrx_word' id='word_1_102' title='bbox 378 1344 599 1413; x_wconf 79' lang='lat' dir='ltr'>potest,</span> <span class='ocrx_word' id='word_1_103' title='bbox 642 1352 709 1392; x_wconf 82' lang='lat' dir='ltr'>ex</span> <span class='ocrx_word' id='word_1_104' title='bbox 750 1354 870 1413; x_wconf 86' lang='lat' dir='ltr'>quo</span> <span class='ocrx_word' id='word_1_105' title='bbox 912 1333 1215 1415; x_wconf 78' lang='lat' dir='ltr'>hominum</span> <span class='ocrx_word' id='word_1_106' title='bbox 1254 1352 1476 1415; x_wconf 83' lang='lat' dir='ltr'>genere</span> <span class='ocrx_word' id='word_1_107' title='bbox 1515 1345 1815 1409; x_wconf 78' lang='lat' dir='ltr'>constaret</span> <span class='ocrx_word' id='word_1_108' title='bbox 1853 1334 2164 1415; x_wconf 85' lang='lat' dir='ltr'>Ioppensis</span> <span class='ocrx_word' id='word_1_109' title='bbox 2188 1334 2467 1411; x_wconf 83' lang='lat' dir='ltr'>Ecclesia.</span> 
     </span>
     <span class='ocr_line' id='line_1_14' title="bbox 192 1408 2469 1493; baseline 0.001 -24"><span class='ocrx_word' id='word_1_110' title='bbox 192 1408 351 1469; x_wconf 85' lang='lat' dir='ltr'>Nam</span> <span class='ocrx_word' id='word_1_111' title='bbox 388 1411 437 1469; x_wconf 83' lang='lat' dir='ltr'>si</span> <span class='ocrx_word' id='word_1_112' title='bbox 488 1409 562 1471; x_wconf 87' lang='lat' dir='ltr'>ad</span> <span class='ocrx_word' id='word_1_113' title='bbox 602 1408 904 1471; x_wconf 81' lang='lat' dir='ltr'><strong>Christum</strong></span> <span class='ocrx_word' id='word_1_114' title='bbox 953 1409 1222 1471; x_wconf 81' lang='lat' dir='ltr'>conversi</span> <span class='ocrx_word' id='word_1_115' title='bbox 1294 1420 1488 1471; x_wconf 83' lang='lat' dir='ltr'>essent</span> <span class='ocrx_word' id='word_1_116' title='bbox 1543 1409 1706 1471; x_wconf 87' lang='lat' dir='ltr'>urhis</span> <span class='ocrx_word' id='word_1_117' title='bbox 1768 1411 2090 1493; x_wconf 84' lang='lat' dir='ltr'>primores,</span> <span class='ocrx_word' id='word_1_118' title='bbox 2149 1411 2469 1491; x_wconf 74' lang='lat' dir='ltr'>excepisset</span> 
     </span>
     <span class='ocr_line' id='line_1_15' title="bbox 194 1485 2468 1567; baseline 0 -21"><span class='ocrx_word' id='word_1_119' title='bbox 194 1496 363 1547; x_wconf 87' lang='lat' dir='ltr'>certe</span> <span class='ocrx_word' id='word_1_120' title='bbox 404 1485 690 1567; x_wconf 84' lang='lat' dir='ltr'>quispiam</span> <span class='ocrx_word' id='word_1_121' title='bbox 740 1506 949 1546; x_wconf 87' lang='lat' dir='ltr'>eorum</span> <span class='ocrx_word' id='word_1_122' title='bbox 998 1485 1261 1567; x_wconf 83' lang='lat' dir='ltr'>hospitio</span> <span class='ocrx_word' id='word_1_123' title='bbox 1298 1486 1564 1547; x_wconf 81' lang='lat' dir='ltr'>Petrum.</span> <span class='ocrx_word' id='word_1_124' title='bbox 1651 1488 1882 1548; x_wconf 80' lang='lat' dir='ltr'>Fuisset</span> <span class='ocrx_word' id='word_1_125' title='bbox 1926 1487 2084 1547; x_wconf 89' lang='lat' dir='ltr'>enim</span> <span class='ocrx_word' id='word_1_126' title='bbox 2133 1486 2304 1549; x_wconf 86' lang='lat' dir='ltr'>nimis</span> <span class='ocrx_word' id='word_1_127' title='bbox 2355 1488 2468 1547; x_wconf 86' lang='lat' dir='ltr'>im-</span> 
     </span>
     <span class='ocr_line' id='line_1_16' title="bbox 190 1560 2467 1645; baseline 0.002 -24"><span class='ocrx_word' id='word_1_128' title='bbox 190 1580 368 1623; x_wconf 85' lang='lat' dir='ltr'>mane</span> <span class='ocrx_word' id='word_1_129' title='bbox 447 1562 669 1622; x_wconf 82' lang='lat' dir='ltr'>Christi</span> <span class='ocrx_word' id='word_1_130' title='bbox 725 1560 1080 1643; x_wconf 75' lang='lat' dir='ltr'><strong>Apostolum</strong></span> <span class='ocrx_word' id='word_1_131' title='bbox 1146 1562 1230 1622; x_wconf 88' lang='lat' dir='ltr'>sic</span> <span class='ocrx_word' id='word_1_132' title='bbox 1286 1563 1446 1645; x_wconf 85' lang='lat' dir='ltr'>negli</span> <span class='ocrx_word' id='word_1_133' title='bbox 1491 1564 1526 1623; x_wconf 89' lang='lat' dir='ltr'>i.</span> <span class='ocrx_word' id='word_1_134' title='bbox 1631 1562 1766 1624; x_wconf 90' lang='lat' dir='ltr'>Illic</span> <span class='ocrx_word' id='word_1_135' title='bbox 1828 1582 1896 1623; x_wconf 88' lang='lat' dir='ltr'>er</span> <span class='ocrx_word' id='word_1_136' title='bbox 1937 1584 1974 1624; x_wconf 95' lang='lat' dir='ltr'>o</span> <span class='ocrx_word' id='word_1_137' title='bbox 2037 1562 2330 1625; x_wconf 87' lang='lat' dir='ltr'>Dominus</span> <span class='ocrx_word' id='word_1_138' title='bbox 2396 1575 2467 1625; x_wconf 88' lang='lat' dir='ltr'>ut</span> 
     </span>
     <span class='ocr_line' id='line_1_17' title="bbox 196 1582 2468 1722; baseline 0.002 -25"><span class='ocrx_word' id='word_1_139' title='bbox 196 1636 413 1719; x_wconf 80' lang='lat' dir='ltr'>passim</span> <span class='ocrx_word' id='word_1_140' title='bbox 462 1635 783 1699; x_wconf 75' lang='lat' dir='ltr'>Ecclesiam</span> <span class='ocrx_word' id='word_1_141' title='bbox 833 1638 947 1701; x_wconf 82' lang='lat' dir='ltr'>sibi</span> <span class='ocrx_word' id='word_1_142' title='bbox 1000 1659 1069 1701; x_wconf 86' lang='lat' dir='ltr'>ex</span> <span class='ocrx_word' id='word_1_143' title='bbox 1112 1656 1221 1715; x_wconf 72' lang='lat' dir='ltr'>gre</span> <span class='ocrx_word' id='word_1_144' title='bbox 1264 1640 1397 1699; x_wconf 89' lang='lat' dir='ltr'>ariis</span> <span class='ocrx_word' id='word_1_145' title='bbox 1447 1582 1783 1701; x_wconf 53' lang='lat' dir='ltr'>§ominibus</span> <span class='ocrx_word' id='word_1_146' title='bbox 1837 1659 1910 1701; x_wconf 92' lang='lat' dir='ltr'>co</span> <span class='ocrx_word' id='word_1_147' title='bbox 1935 1638 2113 1722; x_wconf 84' lang='lat' dir='ltr'>legit,</span> <span class='ocrx_word' id='word_1_148' title='bbox 2173 1652 2243 1700; x_wconf 85' lang='lat' dir='ltr'>ut</span> <span class='ocrx_word' id='word_1_149' title='bbox 2279 1640 2468 1701; x_wconf 82' lang='lat' dir='ltr'>carnis</span> 
     </span>
     <span class='ocr_line' id='line_1_18' title="bbox 192 1713 2468 1795; baseline 0.001 -20"><span class='ocrx_word' id='word_1_150' title='bbox 192 1713 536 1795; x_wconf 74' lang='lat' dir='ltr'>superbiam</span> <span class='ocrx_word' id='word_1_151' title='bbox 587 1725 1017 1794; x_wconf 70' lang='lat' dir='ltr'>prosterneret:</span> <span class='ocrx_word' id='word_1_152' title='bbox 1078 1716 1225 1775; x_wconf 87' lang='lat' dir='ltr'>simu</span> <span class='ocrx_word' id='word_1_153' title='bbox 1296 1714 1359 1775; x_wconf 89' lang='lat' dir='ltr'>in</span> <span class='ocrx_word' id='word_1_154' title='bbox 1401 1735 1478 1777; x_wconf 90' lang='lat' dir='ltr'>eo</span> <span class='ocrx_word' id='word_1_155' title='bbox 1527 1735 1590 1776; x_wconf 90' lang='lat' dir='ltr'>se</span> <span class='ocrx_word' id='word_1_156' title='bbox 1641 1715 1874 1795; x_wconf 82' lang='lat' dir='ltr'>profert</span> <span class='ocrx_word' id='word_1_157' title='bbox 1911 1718 2077 1777; x_wconf 87' lang='lat' dir='ltr'>Petri</span> <span class='ocrx_word' id='word_1_158' title='bbox 2120 1714 2468 1791; x_wconf 84' lang='lat' dir='ltr'>humanitas,</span> 
     </span>
     <span class='ocr_line' id='line_1_19' title="bbox 194 1789 2494 1965; baseline 0 -37"><span class='ocrx_word' id='word_1_159' title='bbox 194 1789 439 1928; x_wconf 52' lang='lat'>2¹:123</span> <span class='ocrx_word' id='word_1_160' title='bbox 442 1790 677 1927; x_wconf 53' lang='lat'>⁵2:15⁸?</span> <span class='ocrx_word' id='word_1_161' title='bbox 684 1790 2121 1965; x_wconf 47' lang='grc' dir='ltr'>ῑὲῗὲέἵῗῗῐξΐιῑῖᾒῗξξωέἓῖἧε.ἳῖἒῖἑὲὶῖ</span> <span class='ocrx_word' id='word_1_162' title='bbox 2153 1792 2494 1950; x_wconf 48' lang='lat'>3223?-</span> 
     </span>
    </p>
   </div>
   <div class='ocr_carea' id='block_1_3' title="bbox 194 1942 2591 2027">
    <p class='ocr_par' dir='ltr' id='par_1_5' title="bbox 194 1942 2591 2027">
     <span class='ocr_line' id='line_1_20' title="bbox 194 1942 2591 2027; baseline 0.002 -24"><span class='ocrx_word' id='word_1_163' title='bbox 194 1942 423 2004; x_wconf 83' lang='lat' dir='ltr'>rel&#39;eret</span> <span class='ocrx_word' id='word_1_164' title='bbox 460 1943 618 2003; x_wconf 87' lang='lat' dir='ltr'>enim</span> <span class='ocrx_word' id='word_1_165' title='bbox 650 1954 853 2025; x_wconf 83' lang='lat' dir='ltr'>postea</span> <span class='ocrx_word' id='word_1_166' title='bbox 878 1943 1086 2017; x_wconf 81' lang='lat' dir='ltr'>Lucas,</span> <span class='ocrx_word' id='word_1_167' title='bbox 1127 1943 1303 2005; x_wconf 83' lang='lat' dir='ltr'>fuiss&#39;e</span> <span class='ocrx_word' id='word_1_168' title='bbox 1340 1944 1465 2005; x_wconf 88' lang='lat' dir='ltr'>illie</span> <span class='ocrx_word' id='word_1_169' title='bbox 1502 1945 1605 2025; x_wconf 85' lang='lat' dir='ltr'>qui</span> <span class='ocrx_word' id='word_1_170' title='bbox 1627 1945 1811 2008; x_wconf 86' lang='lat' dir='ltr'>Petro</span> <span class='ocrx_word' id='word_1_171' title='bbox 1847 1946 2268 2027; x_wconf 73' lang='lat' dir='ltr'>ministrarent,</span> <span class='ocrx_word' id='word_1_172' title='bbox 2307 1945 2466 2008; x_wconf 85' lang='lat' dir='ltr'>uude</span> <span class='ocrx_word' id='word_1_173' title='bbox 2583 1974 2591 1982; x_wconf 81' lang='lat'><strong>·</strong></span> 
     </span>
    </p>
   </div>
   <div class='ocr_carea' id='block_1_4' title="bbox 193 2018 1759 2103">
    <p class='ocr_par' dir='ltr' id='par_1_6' title="bbox 193 2018 1759 2103">
     <span class='ocr_line' id='line_1_21' title="bbox 193 2018 1759 2103; baseline 0.001 -22"><span class='ocrx_word' id='word_1_174' title='bbox 193 2031 475 2103; x_wconf 80' lang='lat' dir='ltr'>apparet,</span> <span class='ocrx_word' id='word_1_175' title='bbox 513 2020 829 2083; x_wconf 87' lang='lat' dir='ltr'>commode</span> <span class='ocrx_word' id='word_1_176' title='bbox 868 2032 931 2083; x_wconf 84' lang='lat' dir='ltr'>et</span> <span class='ocrx_word' id='word_1_177' title='bbox 967 2019 1219 2083; x_wconf 82' lang='lat' dir='ltr'>honeste</span> <span class='ocrx_word' id='word_1_178' title='bbox 1254 2018 1434 2084; x_wconf 79' lang='lat' dir='ltr'>fuisse</span> <span class='ocrx_word' id='word_1_179' title='bbox 1473 2020 1759 2092; x_wconf 77' lang='lat' dir='ltr'>habitum.</span> 
     </span>
    </p>
   </div>
   <div class='ocr_carea' id='block_1_5' title="bbox 942 2274 1762 2373">
    <p class='ocr_par' dir='ltr' id='par_1_7' title="bbox 942 2274 1762 2373">
     <span class='ocr_line' id='line_1_22' title="bbox 942 2274 1762 2373; baseline 0.002 -2"><span class='ocrx_word' id='word_1_180' title='bbox 942 2274 1552 2373; x_wconf 84' lang='lat' dir='ltr'><strong>CA&#39;PUT</strong></span> <span class='ocrx_word' id='word_1_181' title='bbox 1662 2278 1762 2373; x_wconf 93' lang='lat' dir='ltr'>X.</span> 
     </span>
    </p>
   </div>
   <div class='ocr_carea' id='block_1_6' title="bbox 204 2469 2470 2659">
    <p class='ocr_par' dir='ltr' id='par_1_8' title="bbox 204 2469 2470 2659">
     <span class='ocr_line' id='line_1_23' title="bbox 374 2469 2468 2557; baseline 0 -20"><span class='ocrx_word' id='word_1_182' title='bbox 374 2471 436 2539; x_wconf 90' lang='lat'>1.</span> <span class='ocrx_word' id='word_1_183' title='bbox 510 2472 637 2538; x_wconf 80' lang='lat' dir='ltr'>Vir</span> <span class='ocrx_word' id='word_1_184' title='bbox 690 2479 903 2536; x_wconf 84' lang='lat' dir='ltr'>autem</span> <span class='ocrx_word' id='word_1_185' title='bbox 956 2469 1219 2557; x_wconf 88' lang='lat' dir='ltr'>quidam</span> <span class='ocrx_word' id='word_1_186' title='bbox 1264 2479 1404 2537; x_wconf 84' lang='lat' dir='ltr'>erat</span> <span class='ocrx_word' id='word_1_187' title='bbox 1452 2469 1854 2548; x_wconf 79' lang='lat' dir='ltr'>Caesareae,</span> <span class='ocrx_word' id='word_1_188' title='bbox 1903 2471 2167 2536; x_wconf 86' lang='lat' dir='ltr'>nomine</span> <span class='ocrx_word' id='word_1_189' title='bbox 2213 2469 2468 2539; x_wconf 90' lang='lat' dir='ltr'>Corne-</span> 
     </span>
     <span class='ocr_line' id='line_1_24' title="bbox 204 2567 2470 2659; baseline 0 -20"><span class='ocrx_word' id='word_1_190' title='bbox 204 2571 357 2651; x_wconf 86' lang='lat' dir='ltr'>lius,</span> <span class='ocrx_word' id='word_1_191' title='bbox 397 2575 685 2638; x_wconf 88' lang='lat' dir='ltr'>centurio</span> <span class='ocrx_word' id='word_1_192' title='bbox 731 2594 809 2637; x_wconf 85' lang='lat' dir='ltr'>ex</span> <span class='ocrx_word' id='word_1_193' title='bbox 852 2569 1141 2651; x_wconf 84' lang='lat' dir='ltr'>cohorte,</span> <span class='ocrx_word' id='word_1_194' title='bbox 1182 2593 1348 2659; x_wconf 86' lang='lat' dir='ltr'>quae</span> <span class='ocrx_word' id='word_1_195' title='bbox 1390 2568 1748 2636; x_wconf 81' lang='lat' dir='ltr'>vocabatur</span> <span class='ocrx_word' id='word_1_196' title='bbox 1786 2570 2040 2649; x_wconf 87' lang='lat' dir='ltr'>Italica,</span> <span class='ocrx_word' id='word_1_197' title='bbox 2071 2567 2078 2576; x_wconf 86' lang='lat'>&#39;</span> <span class='ocrx_word' id='word_1_198' title='bbox 2110 2571 2171 2636; x_wconf 77' lang='lat'>2.</span> <span class='ocrx_word' id='word_1_199' title='bbox 2212 2573 2365 2638; x_wconf 87' lang='lat' dir='ltr'>Pius</span> <span class='ocrx_word' id='word_1_200' title='bbox 2403 2584 2470 2640; x_wconf 88' lang='lat' dir='ltr'>et</span> 
     </span>
    </p>
   </div>
   <div class='ocr_carea' id='block_1_7' title="bbox 204 2664 2576 2758">
    <p class='ocr_par' dir='ltr' id='par_1_9' title="bbox 204 2664 2576 2758">
     <span class='ocr_line' id='line_1_25' title="bbox 204 2664 2576 2758; baseline 0 -19"><span class='ocrx_word' id='word_1_201' title='bbox 204 2677 441 2740; x_wconf 86' lang='lat' dir='ltr'>timens</span> <span class='ocrx_word' id='word_1_202' title='bbox 480 2671 691 2738; x_wconf 87' lang='lat' dir='ltr'>Deum</span> <span class='ocrx_word' id='word_1_203' title='bbox 748 2694 893 2738; x_wconf 87' lang='lat' dir='ltr'>eum</span> <span class='ocrx_word' id='word_1_204' title='bbox 940 2681 1079 2738; x_wconf 82' lang='lat' dir='ltr'>tota</span> <span class='ocrx_word' id='word_1_205' title='bbox 1122 2669 1319 2738; x_wconf 86' lang='lat' dir='ltr'>domo</span> <span class='ocrx_word' id='word_1_206' title='bbox 1372 2693 1524 2750; x_wconf 84' lang='lat' dir='ltr'>sua,</span> <span class='ocrx_word' id='word_1_207' title='bbox 1576 2671 1951 2758; x_wconf 78' lang='lat' dir='ltr'>faciensque</span> <span class='ocrx_word' id='word_1_208' title='bbox 2013 2669 2469 2756; x_wconf 82' lang='lat' dir='ltr'>eleemosynas</span> <span class='ocrx_word' id='word_1_209' title='bbox 2569 2664 2576 2672; x_wconf 51' lang='lat'>⁸</span> 
     </span>
    </p>
   </div>
   <div class='ocr_carea' id='block_1_8' title="bbox 178 2769 2470 3262">
    <p class='ocr_par' dir='ltr' id='par_1_10' title="bbox 178 2769 2470 3262">
     <span class='ocr_line' id='line_1_26' title="bbox 178 2769 2469 2861; baseline -0 -20"><span class='ocrx_word' id='word_1_210' title='bbox 178 2777 333 2841; x_wconf 65' lang='lat' dir='ltr'>*toti</span> <span class='ocrx_word' id='word_1_211' title='bbox 386 2773 662 2861; x_wconf 88' lang='lat' dir='ltr'>populo,</span> <span class='ocrx_word' id='word_1_212' title='bbox 736 2783 803 2838; x_wconf 88' lang='lat' dir='ltr'>et</span> <span class='ocrx_word' id='word_1_213' title='bbox 856 2793 1051 2838; x_wconf 87' lang='lat' dir='ltr'>orans</span> <span class='ocrx_word' id='word_1_214' title='bbox 1103 2772 1319 2838; x_wconf 90' lang='lat' dir='ltr'>Deum</span> <span class='ocrx_word' id='word_1_215' title='bbox 1386 2771 1662 2838; x_wconf 85' lang='lat' dir='ltr'>assidue.</span> <span class='ocrx_word' id='word_1_216' title='bbox 1767 2774 1830 2837; x_wconf 90' lang='grc'>3.</span> <span class='ocrx_word' id='word_1_217' title='bbox 1873 2769 2062 2836; x_wconf 83' lang='lat' dir='ltr'>Vidit</span> <span class='ocrx_word' id='word_1_218' title='bbox 2101 2773 2171 2837; x_wconf 90' lang='lat' dir='ltr'>in</span> <span class='ocrx_word' id='word_1_219' title='bbox 2210 2774 2469 2840; x_wconf 83' lang='lat' dir='ltr'>visione</span> 
     </span>
     <span class='ocr_line' id='line_1_27' title="bbox 200 2869 2470 2964; baseline 0.001 -24"><span class='ocrx_word' id='word_1_220' title='bbox 200 2875 419 2964; x_wconf 86' lang='lat' dir='ltr'>palam</span> <span class='ocrx_word' id='word_1_221' title='bbox 469 2876 724 2940; x_wconf 80' lang='lat' dir='ltr'>circiter</span> <span class='ocrx_word' id='word_1_222' title='bbox 774 2873 999 2939; x_wconf 83' lang='lat' dir='ltr'>horam</span> <span class='ocrx_word' id='word_1_223' title='bbox 1051 2893 1291 2940; x_wconf 83' lang='lat' dir='ltr'>nonam</span> <span class='ocrx_word' id='word_1_224' title='bbox 1349 2873 1483 2939; x_wconf 88' lang='lat' dir='ltr'>diei</span> <span class='ocrx_word' id='word_1_225' title='bbox 1531 2870 1849 2960; x_wconf 82' lang='lat' dir='ltr'>Angelum</span> <span class='ocrx_word' id='word_1_226' title='bbox 1913 2869 2048 2938; x_wconf 83' lang='lat' dir='ltr'>Dei</span> <span class='ocrx_word' id='word_1_227' title='bbox 2101 2873 2470 2958; x_wconf 83' lang='lat' dir='ltr'>ingredien-</span> 
     </span>
     <span class='ocr_line' id='line_1_28' title="bbox 198 2970 2469 3053; baseline -0.001 -10"><span class='ocrx_word' id='word_1_228' title='bbox 198 2988 333 3043; x_wconf 88' lang='lat' dir='ltr'>tem</span> <span class='ocrx_word' id='word_1_229' title='bbox 370 2975 455 3040; x_wconf 87' lang='lat' dir='ltr'>ad</span> <span class='ocrx_word' id='word_1_230' title='bbox 496 2997 601 3053; x_wconf 87' lang='lat' dir='ltr'>se,</span> <span class='ocrx_word' id='word_1_231' title='bbox 647 2983 713 3038; x_wconf 88' lang='lat' dir='ltr'>et</span> <span class='ocrx_word' id='word_1_232' title='bbox 755 2973 1079 3040; x_wconf 80' lang='lat' dir='ltr'>dicentem</span> <span class='ocrx_word' id='word_1_233' title='bbox 1120 2973 1283 3042; x_wconf 81' lang='lat' dir='ltr'>sibi:</span> <span class='ocrx_word' id='word_1_234' title='bbox 1340 2973 1636 3042; x_wconf 86' lang='lat' dir='ltr'>Corneli.</span> <span class='ocrx_word' id='word_1_235' title='bbox 1734 2972 1795 3039; x_wconf 83' lang='lat'>4.</span> <span class='ocrx_word' id='word_1_236' title='bbox 1835 2970 1956 3038; x_wconf 89' lang='lat' dir='ltr'>Ille</span> <span class='ocrx_word' id='word_1_237' title='bbox 1997 2993 2158 3038; x_wconf 90' lang='lat' dir='ltr'>vero</span> <span class='ocrx_word' id='word_1_238' title='bbox 2203 2974 2469 3040; x_wconf 83' lang='lat' dir='ltr'>intuitus</span> 
     </span>
     <span class='ocr_line' id='line_1_29' title="bbox 200 3072 2470 3160; baseline -0.001 -18"><span class='ocrx_word' id='word_1_239' title='bbox 200 3089 273 3142; x_wconf 87' lang='lat' dir='ltr'>et</span> <span class='ocrx_word' id='word_1_240' title='bbox 308 3078 571 3142; x_wconf 83' lang='lat' dir='ltr'>territus</span> <span class='ocrx_word' id='word_1_241' title='bbox 614 3074 771 3141; x_wconf 84' lang='lat' dir='ltr'>dixit</span> <span class='ocrx_word' id='word_1_242' title='bbox 786 3097 809 3144; x_wconf 70' lang='grc' dir='ltr'>ε,</span> <span class='ocrx_word' id='word_1_243' title='bbox 856 3073 1037 3160; x_wconf 86' lang='lat' dir='ltr'>Quid</span> <span class='ocrx_word' id='word_1_244' title='bbox 1082 3083 1211 3154; x_wconf 88' lang='lat' dir='ltr'>est,</span> <span class='ocrx_word' id='word_1_245' title='bbox 1261 3074 1587 3141; x_wconf 82' lang='lat' dir='ltr'>Domine?</span> <span class='ocrx_word' id='word_1_246' title='bbox 1675 3075 1844 3140; x_wconf 85' lang='lat' dir='ltr'>Tum</span> <span class='ocrx_word' id='word_1_247' title='bbox 1882 3073 2040 3140; x_wconf 85' lang='lat' dir='ltr'>dixit</span> <span class='ocrx_word' id='word_1_248' title='bbox 2081 3072 2197 3152; x_wconf 88' lang='lat' dir='ltr'>illi,</span> <span class='ocrx_word' id='word_1_249' title='bbox 2237 3075 2470 3140; x_wconf 84' lang='lat' dir='ltr'>Preca-</span> 
     </span>
     <span class='ocr_line' id='line_1_30' title="bbox 200 3173 2470 3262; baseline -0.001 -19"><span class='ocrx_word' id='word_1_250' title='bbox 200 3181 419 3244; x_wconf 84' lang='lat' dir='ltr'>tiones</span> <span class='ocrx_word' id='word_1_251' title='bbox 466 3186 617 3241; x_wconf 87' lang='lat' dir='ltr'>tuae</span> <span class='ocrx_word' id='word_1_252' title='bbox 674 3186 740 3241; x_wconf 87' lang='lat' dir='ltr'>et</span> <span class='ocrx_word' id='word_1_253' title='bbox 791 3173 1249 3262; x_wconf 80' lang='lat' dir='ltr'>eleemosynae</span> <span class='ocrx_word' id='word_1_254' title='bbox 1300 3185 1454 3240; x_wconf 85' lang='lat' dir='ltr'>tuae</span> <span class='ocrx_word' id='word_1_255' title='bbox 1497 3173 1929 3240; x_wconf 82' lang='lat' dir='ltr'>ascenderunt</span> <span class='ocrx_word' id='word_1_256' title='bbox 1972 3174 2042 3238; x_wconf 91' lang='lat' dir='ltr'>in</span> <span class='ocrx_word' id='word_1_257' title='bbox 2093 3178 2470 3241; x_wconf 83' lang='lat' dir='ltr'>memoriam</span> 
     </span>
    </p>
   </div>
   <div class='ocr_carea' id='block_1_9' title="bbox 200 3275 2576 3363">
    <p class='ocr_par' dir='ltr' id='par_1_11' title="bbox 200 3275 2576 3363">
     <span class='ocr_line' id='line_1_31' title="bbox 200 3275 2576 3363; baseline -0.001 -18"><span class='ocrx_word' id='word_1_258' title='bbox 200 3300 421 3346; x_wconf 82' lang='lat' dir='ltr'>coram</span> <span class='ocrx_word' id='word_1_259' title='bbox 460 3276 641 3344; x_wconf 80' lang='lat' dir='ltr'>Deo:</span> <span class='ocrx_word' id='word_1_260' title='bbox 723 3276 783 3342; x_wconf 81' lang='lat'>5.</span> <span class='ocrx_word' id='word_1_261' title='bbox 836 3276 922 3341; x_wconf 88' lang='lat' dir='ltr'>Et</span> <span class='ocrx_word' id='word_1_262' title='bbox 959 3297 1137 3342; x_wconf 89' lang='lat' dir='ltr'>nune</span> <span class='ocrx_word' id='word_1_263' title='bbox 1178 3277 1355 3348; x_wconf 87' lang='lat' dir='ltr'>mitte</span> <span class='ocrx_word' id='word_1_264' title='bbox 1405 3276 1658 3363; x_wconf 89' lang='lat' dir='ltr'>Ioppen</span> <span class='ocrx_word' id='word_1_265' title='bbox 1716 3275 2050 3355; x_wconf 86' lang='lat' dir='ltr'>homines,</span> <span class='ocrx_word' id='word_1_266' title='bbox 2094 3286 2164 3341; x_wconf 87' lang='lat' dir='ltr'>et</span> <span class='ocrx_word' id='word_1_267' title='bbox 2209 3297 2468 3343; x_wconf 84' lang='lat' dir='ltr'>accerse</span> <span class='ocrx_word' id='word_1_268' title='bbox 2549 3319 2576 3342; x_wconf 71' lang='lat'><em>0</em></span> 
     </span>
    </p>
   </div>
   <div class='ocr_carea' id='block_1_10' title="bbox 185 3375 2471 3787">
    <p class='ocr_par' dir='ltr' id='par_1_12' title="bbox 185 3375 2471 3667">
     <span class='ocr_line' id='line_1_32' title="bbox 185 3375 2470 3464; baseline -0.002 -18"><span class='ocrx_word' id='word_1_269' title='bbox 185 3379 553 3454; x_wconf 69' lang='lat' dir='ltr'>Simonem,</span> <span class='ocrx_word' id='word_1_270' title='bbox 592 3379 705 3464; x_wconf 86' lang='lat' dir='ltr'>qui</span> <span class='ocrx_word' id='word_1_271' title='bbox 742 3387 1009 3442; x_wconf 82' lang='lat' dir='ltr'>vocatur</span> <span class='ocrx_word' id='word_1_272' title='bbox 1049 3377 1297 3442; x_wconf 83' lang='lat' dir='ltr'>Petrus.</span> <span class='ocrx_word' id='word_1_273' title='bbox 1376 3377 1436 3440; x_wconf 80' lang='lat'>6.</span> <span class='ocrx_word' id='word_1_274' title='bbox 1481 3377 1608 3440; x_wconf 84' lang='lat' dir='ltr'>Hie</span> <span class='ocrx_word' id='word_1_275' title='bbox 1648 3375 2006 3443; x_wconf 85' lang='lat' dir='ltr'>diversatur</span> <span class='ocrx_word' id='word_1_276' title='bbox 2049 3375 2226 3463; x_wconf 81' lang='lat' dir='ltr'>apud</span> <span class='ocrx_word' id='word_1_277' title='bbox 2261 3375 2470 3442; x_wconf 88' lang='lat' dir='ltr'>Simo-</span> 
     </span>
     <span class='ocr_line' id='line_1_33' title="bbox 196 3473 2471 3564; baseline -0.003 -16"><span class='ocrx_word' id='word_1_278' title='bbox 196 3501 353 3548; x_wconf 85' lang='lat' dir='ltr'>nem</span> <span class='ocrx_word' id='word_1_279' title='bbox 396 3481 771 3555; x_wconf 83' lang='lat' dir='ltr'>coriarinm,</span> <span class='ocrx_word' id='word_1_280' title='bbox 812 3480 916 3542; x_wconf 87' lang='lat' dir='ltr'>eui</span> <span class='ocrx_word' id='word_1_281' title='bbox 960 3477 1187 3544; x_wconf 86' lang='lat' dir='ltr'>domus</span> <span class='ocrx_word' id='word_1_282' title='bbox 1232 3483 1331 3542; x_wconf 85' lang='lat' dir='ltr'>est</span> <span class='ocrx_word' id='word_1_283' title='bbox 1369 3473 1456 3542; x_wconf 80' lang='lat' dir='ltr'>ad</span> <span class='ocrx_word' id='word_1_284' title='bbox 1493 3495 1699 3543; x_wconf 83' lang='lat' dir='ltr'>mare=</span> <span class='ocrx_word' id='word_1_285' title='bbox 1747 3474 1854 3541; x_wconf 89' lang='lat' dir='ltr'>hic</span> <span class='ocrx_word' id='word_1_286' title='bbox 1895 3475 2068 3542; x_wconf 85' lang='lat' dir='ltr'>dicet</span> <span class='ocrx_word' id='word_1_287' title='bbox 2111 3473 2261 3555; x_wconf 77' lang='lat' dir='ltr'>tibi,</span> <span class='ocrx_word' id='word_1_288' title='bbox 2311 3473 2471 3564; x_wconf 85' lang='lat' dir='ltr'>quid</span> 
     </span>
     <span class='ocr_line' id='line_1_34' title="bbox 201 3579 2110 3667; baseline -0.003 -20"><span class='ocrx_word' id='word_1_289' title='bbox 201 3592 273 3647; x_wconf 80' lang='lat' dir='ltr'>te</span> <span class='ocrx_word' id='word_1_290' title='bbox 317 3589 614 3667; x_wconf 84' lang='lat' dir='ltr'>oporteat</span> <span class='ocrx_word' id='word_1_291' title='bbox 654 3579 889 3645; x_wconf 85' lang='lat' dir='ltr'>facere.</span> <span class='ocrx_word' id='word_1_292' title='bbox 2095 3588 2110 3602; x_wconf 91' lang='lat'><strong><em>‘</em></strong></span> 
     </span>
    </p>

    <p class='ocr_par' dir='ltr' id='par_1_13' title="bbox 364 3704 2471 3787">
     <span class='ocr_line' id='line_1_35' title="bbox 364 3704 2471 3787; baseline -0.002 -14"><span class='ocrx_word' id='word_1_293' title='bbox 364 3719 418 3773; x_wconf 86' lang='lat'>1.</span> <span class='ocrx_word' id='word_1_294' title='bbox 498 3709 735 3770; x_wconf 85' lang='lat' dir='ltr'>Transit</span> <span class='ocrx_word' id='word_1_295' title='bbox 783 3725 942 3770; x_wconf 76' lang='lat' dir='ltr'>nune</span> <span class='ocrx_word' id='word_1_296' title='bbox 978 3708 1181 3786; x_wconf 61' lang='lat' dir='ltr'>‚Lucas</span> <span class='ocrx_word' id='word_1_297' title='bbox 1228 3704 1299 3768; x_wconf 91' lang='lat' dir='ltr'>ad</span> <span class='ocrx_word' id='word_1_298' title='bbox 1350 3705 1655 3768; x_wconf 83' lang='lat' dir='ltr'>historiam</span> <span class='ocrx_word' id='word_1_299' title='bbox 1709 3705 2190 3783; x_wconf 83' lang='lat' dir='ltr'>memorabilem,</span> <span class='ocrx_word' id='word_1_300' title='bbox 2252 3726 2471 3787; x_wconf 85' lang='lat' dir='ltr'>nempe</span> 
     </span>
    </p>
   </div>
   <div class='ocr_carea' id='block_1_11' title="bbox 240 3783 2470 3945">
    <p class='ocr_par' dir='ltr' id='par_1_14' title="bbox 240 3783 2470 3945">
     <span class='ocr_line' id='line_1_36' title="bbox 294 3783 2470 3921; baseline -0.001 -76"><span class='ocrx_word' id='word_1_301' title='bbox 294 3785 574 3879; x_wconf 42' lang='lat' dir='ltr'>cineus</span> <span class='ocrx_word' id='word_1_302' title='bbox 624 3785 922 3878; x_wconf 77' lang='lat' dir='ltr'>hominem</span> <span class='ocrx_word' id='word_1_303' title='bbox 974 3784 1363 3876; x_wconf 71' lang='lat' dir='ltr'>alienigenam</span> <span class='ocrx_word' id='word_1_304' title='bbox 1404 3795 1466 3875; x_wconf 70' lang='lat' dir='ltr'>et</span> <span class='ocrx_word' id='word_1_305' title='bbox 1503 3783 1966 3874; x_wconf 68' lang='lat' dir='ltr'>incircumcisum</span> <span class='ocrx_word' id='word_1_306' title='bbox 2015 3803 2160 3921; x_wconf 50' lang='lat' dir='ltr'>prae</span> <span class='ocrx_word' id='word_1_307' title='bbox 2196 3783 2470 3875; x_wconf 67' lang='lat' dir='ltr'>omnihus</span> 
     </span>
     <span class='ocr_line' id='line_1_37' title="bbox 240 3857 2469 3945; baseline -0.002 -23"><span class='ocrx_word' id='word_1_308' title='bbox 240 3862 437 3924; x_wconf 79' lang='lat' dir='ltr'>udaeis</span> <span class='ocrx_word' id='word_1_309' title='bbox 478 3863 758 3945; x_wconf 75' lang='lat' dir='ltr'>singulari</span> <span class='ocrx_word' id='word_1_310' title='bbox 819 3862 1051 3924; x_wconf 85' lang='lat' dir='ltr'>honore</span> <span class='ocrx_word' id='word_1_311' title='bbox 1093 3860 1359 3942; x_wconf 76' lang='lat' dir='ltr'>dignatus</span> <span class='ocrx_word' id='word_1_312' title='bbox 1399 3871 1504 3934; x_wconf 80' lang='lat' dir='ltr'>sit,</span> <span class='ocrx_word' id='word_1_313' title='bbox 1565 3881 1700 3940; x_wconf 79' lang='lat' dir='ltr'>quia</span> <span class='ocrx_word' id='word_1_314' title='bbox 1754 3871 1814 3918; x_wconf 89' lang='lat' dir='ltr'>et</span> <span class='ocrx_word' id='word_1_315' title='bbox 1864 3879 2012 3942; x_wconf 80' lang='lat' dir='ltr'>ange</span> <span class='ocrx_word' id='word_1_316' title='bbox 2039 3881 2136 3919; x_wconf 89' lang='lat' dir='ltr'>um</span> <span class='ocrx_word' id='word_1_317' title='bbox 2174 3879 2342 3919; x_wconf 86' lang='lat' dir='ltr'>suum</span> <span class='ocrx_word' id='word_1_318' title='bbox 2381 3857 2469 3918; x_wconf 79' lang='lat' dir='ltr'>illi</span> 
     </span>
    </p>
   </div>
   <div class='ocr_carea' id='block_1_12' title="bbox 200 3930 2580 4016">
    <p class='ocr_par' dir='ltr' id='par_1_15' title="bbox 200 3930 2580 4016">
     <span class='ocr_line' id='line_1_38' title="bbox 200 3930 2580 4016; baseline -0.003 -16"><span class='ocrx_word' id='word_1_319' title='bbox 200 3939 463 4000; x_wconf 82' lang='lat' dir='ltr'>destinat</span> <span class='ocrx_word' id='word_1_320' title='bbox 501 3952 566 3999; x_wconf 82' lang='lat' dir='ltr'>et</span> <span class='ocrx_word' id='word_1_321' title='bbox 603 3940 726 4000; x_wconf 81' lang='lat' dir='ltr'>eius</span> <span class='ocrx_word' id='word_1_322' title='bbox 769 3960 939 4000; x_wconf 83' lang='lat' dir='ltr'>causa</span> <span class='ocrx_word' id='word_1_323' title='bbox 979 3938 1223 3997; x_wconf 87' lang='lat' dir='ltr'>Petrum</span> <span class='ocrx_word' id='word_1_324' title='bbox 1264 3937 1610 3998; x_wconf 87' lang='lat' dir='ltr'>Caesaream</span> <span class='ocrx_word' id='word_1_325' title='bbox 1651 3935 1918 4012; x_wconf 85' lang='lat' dir='ltr'>adducit,</span> <span class='ocrx_word' id='word_1_326' title='bbox 1966 3955 2000 3996; x_wconf 85' lang='lat' dir='ltr'>a</span> <span class='ocrx_word' id='word_1_327' title='bbox 2039 3955 2158 4016; x_wconf 88' lang='lat' dir='ltr'>quo</span> <span class='ocrx_word' id='word_1_328' title='bbox 2201 3935 2472 3994; x_wconf 82' lang='lat' dir='ltr'>institua·</span> <span class='ocrx_word' id='word_1_329' title='bbox 2567 3930 2580 3951; x_wconf 78' lang='lat'>⁸</span> 
     </span>
    </p>
   </div>
   <div class='ocr_carea' id='block_1_13' title="bbox 199 4008 2500 4480">
    <p class='ocr_par' dir='ltr' id='par_1_16' title="bbox 199 4008 2500 4480">
     <span class='ocr_line' id='line_1_39' title="bbox 200 4008 2500 4098; baseline -0.002 -22"><span class='ocrx_word' id='word_1_330' title='bbox 200 4027 307 4076; x_wconf 84' lang='lat' dir='ltr'>tur</span> <span class='ocrx_word' id='word_1_331' title='bbox 356 4014 801 4098; x_wconf 81' lang='lat' dir='ltr'>in⁰Evangelio.</span> <span class='ocrx_word' id='word_1_332' title='bbox 904 4013 1022 4074; x_wconf 89' lang='lat' dir='ltr'>Sed</span> <span class='ocrx_word' id='word_1_333' title='bbox 1071 4015 1265 4093; x_wconf 59' lang='lat' dir='ltr'>primo</span> <span class='ocrx_word' id='word_1_334' title='bbox 1316 4011 1457 4073; x_wconf 86' lang='lat' dir='ltr'>loco</span> <span class='ocrx_word' id='word_1_335' title='bbox 1506 4011 1767 4074; x_wconf 83' lang='lat' dir='ltr'>ostendit</span> <span class='ocrx_word' id='word_1_336' title='bbox 1801 4011 2021 4086; x_wconf 86' lang='lat' dir='ltr'>Lucas,</span> <span class='ocrx_word' id='word_1_337' title='bbox 2070 4008 2250 4092; x_wconf 87' lang='lat' dir='ltr'>qualis</span> <span class='ocrx_word' id='word_1_338' title='bbox 2291 4009 2500 4071; x_wconf 57' lang='lat' dir='ltr'>fuerit:⁴</span> 
     </span>
     <span class='ocr_line' id='line_1_40' title="bbox 199 4085 2470 4172; baseline -0.002 -20"><span class='ocrx_word' id='word_1_339' title='bbox 199 4093 305 4153; x_wconf 79' lang='lat' dir='ltr'>hic</span> <span class='ocrx_word' id='word_1_340' title='bbox 344 4091 685 4168; x_wconf 85' lang='lat' dir='ltr'>Cornelius,</span> <span class='ocrx_word' id='word_1_341' title='bbox 726 4091 787 4150; x_wconf 86' lang='lat' dir='ltr'>in</span> <span class='ocrx_word' id='word_1_342' title='bbox 828 4091 989 4151; x_wconf 86' lang='lat' dir='ltr'>cuius</span> <span class='ocrx_word' id='word_1_343' title='bbox 1030 4089 1272 4172; x_wconf 81' lang='lat' dir='ltr'>gratiam</span> <span class='ocrx_word' id='word_1_344' title='bbox 1310 4111 1379 4150; x_wconf 83' lang='lat' dir='ltr'>an</span> <span class='ocrx_word' id='word_1_345' title='bbox 1429 4088 1554 4148; x_wconf 88' lang='lat' dir='ltr'>elus</span> <span class='ocrx_word' id='word_1_346' title='bbox 1595 4109 1628 4148; x_wconf 90' lang='lat' dir='ltr'>e</span> <span class='ocrx_word' id='word_1_347' title='bbox 1667 4086 1840 4149; x_wconf 85' lang='lat' dir='ltr'>coelo</span> <span class='ocrx_word' id='word_1_348' title='bbox 1879 4087 2185 4148; x_wconf 80' lang='lat' dir='ltr'>descendit</span> <span class='ocrx_word' id='word_1_349' title='bbox 2222 4098 2284 4145; x_wconf 86' lang='lat' dir='ltr'>et</span> <span class='ocrx_word' id='word_1_350' title='bbox 2303 4085 2470 4147; x_wconf 88' lang='lat' dir='ltr'>Deus</span> 
     </span>
     <span class='ocr_line' id='line_1_41' title="bbox 200 4109 2468 4230; baseline -0.002 -1"><span class='ocrx_word' id='word_1_351' title='bbox 200 4169 391 4229; x_wconf 80' lang='lat' dir='ltr'>Petro</span> <span class='ocrx_word' id='word_1_352' title='bbox 451 4169 513 4230; x_wconf 87' lang='lat' dir='ltr'>in</span> <span class='ocrx_word' id='word_1_353' title='bbox 574 4169 802 4230; x_wconf 80' lang='lat' dir='ltr'>visione</span> <span class='ocrx_word' id='word_1_354' title='bbox 862 4167 922 4226; x_wconf 85' lang='lat' dir='ltr'>lo</span> <span class='ocrx_word' id='word_1_355' title='bbox 968 4177 1143 4226; x_wconf 76' lang='lat' dir='ltr'>nutus</span> <span class='ocrx_word' id='word_1_356' title='bbox 1192 4178 1295 4226; x_wconf 82' lang='lat' dir='ltr'>est.</span> <span class='ocrx_word' id='word_1_357' title='bbox 1375 4109 1664 4228; x_wconf 53' lang='lat' dir='ltr'>gontario</span> <span class='ocrx_word' id='word_1_358' title='bbox 1723 4175 1850 4224; x_wconf 87' lang='lat' dir='ltr'>erat</span> <span class='ocrx_word' id='word_1_359' title='bbox 1897 4162 2162 4224; x_wconf 85' lang='lat' dir='ltr'>cohortis</span> <span class='ocrx_word' id='word_1_360' title='bbox 2211 4161 2468 4224; x_wconf 80' lang='lat' dir='ltr'>Italicae.</span> 
     </span>
     <span class='ocr_line' id='line_1_42' title="bbox 208 4237 2470 4337; baseline -0.003 -31"><span class='ocrx_word' id='word_1_361' title='bbox 208 4245 449 4337; x_wconf 66' lang='lat' dir='ltr'>Cohors</span> <span class='ocrx_word' id='word_1_362' title='bbox 502 4266 573 4306; x_wconf 81' lang='lat' dir='ltr'>ex</span> <span class='ocrx_word' id='word_1_363' title='bbox 622 4243 787 4303; x_wconf 86' lang='lat' dir='ltr'>mille</span> <span class='ocrx_word' id='word_1_364' title='bbox 837 4263 911 4326; x_wconf 86' lang='lat' dir='ltr'>pe</span> <span class='ocrx_word' id='word_1_365' title='bbox 958 4239 1134 4302; x_wconf 76' lang='lat' dir='ltr'>itibus</span> <span class='ocrx_word' id='word_1_366' title='bbox 1185 4243 1522 4315; x_wconf 69' lang='lat' dir='ltr'>constabat,</span> <span class='ocrx_word' id='word_1_367' title='bbox 1579 4249 1852 4320; x_wconf 74' lang='lat' dir='ltr'>praeerat</span> <span class='ocrx_word' id='word_1_368' title='bbox 1899 4249 2096 4299; x_wconf 85' lang='lat' dir='ltr'>autem</span> <span class='ocrx_word' id='word_1_369' title='bbox 2145 4237 2470 4301; x_wconf 81' lang='lat' dir='ltr'>Tribunus.</span> 
     </span>
     <span class='ocr_line' id='line_1_43' title="bbox 208 4314 2471 4405; baseline -0.002 -25"><span class='ocrx_word' id='word_1_370' title='bbox 208 4321 451 4382; x_wconf 75' lang='lat' dir='ltr'>Deinde</span> <span class='ocrx_word' id='word_1_371' title='bbox 500 4321 763 4405; x_wconf 84' lang='lat' dir='ltr'>singulae</span> <span class='ocrx_word' id='word_1_372' title='bbox 812 4319 1113 4382; x_wconf 83' lang='lat' dir='ltr'>centuriae</span> <span class='ocrx_word' id='word_1_373' title='bbox 1159 4339 1294 4381; x_wconf 85' lang='lat' dir='ltr'>suos</span> <span class='ocrx_word' id='word_1_374' title='bbox 1342 4317 1640 4386; x_wconf 63' lang='lat' dir='ltr'>habehant</span> <span class='ocrx_word' id='word_1_375' title='bbox 1687 4317 1888 4380; x_wconf 71' lang='lat' dir='ltr'>duces.</span> <span class='ocrx_word' id='word_1_376' title='bbox 1919 4349 1928 4366; x_wconf 85' lang='lat'><strong>·</strong></span> <span class='ocrx_word' id='word_1_377' title='bbox 1960 4314 2152 4396; x_wconf 83' lang='lat' dir='ltr'>Legio</span> <span class='ocrx_word' id='word_1_378' title='bbox 2191 4315 2471 4376; x_wconf 83' lang='lat' dir='ltr'>cohortes</span> 
     </span>
     <span class='ocr_line' id='line_1_44' title="bbox 211 4389 2470 4480; baseline -0.003 -22"><span class='ocrx_word' id='word_1_379' title='bbox 211 4397 478 4480; x_wconf 82' lang='lat' dir='ltr'>quinque</span> <span class='ocrx_word' id='word_1_380' title='bbox 514 4409 583 4460; x_wconf 86' lang='lat' dir='ltr'>ut</span> <span class='ocrx_word' id='word_1_381' title='bbox 619 4397 937 4480; x_wconf 81' lang='lat' dir='ltr'>plurimum</span> <span class='ocrx_word' id='word_1_382' title='bbox 977 4393 1248 4459; x_wconf 72' lang='lat' dir='ltr'>habebat.</span> <span class='ocrx_word' id='word_1_383' title='bbox 1284 4439 1293 4448; x_wconf 85' lang='lat'>-</span> <span class='ocrx_word' id='word_1_384' title='bbox 1324 4393 1564 4457; x_wconf 69' lang='lat' dir='ltr'>Cohors</span> <span class='ocrx_word' id='word_1_385' title='bbox 1581 4389 1946 4462; x_wconf 59' lang='lat' dir='ltr'>illalmlivaa</span> <span class='ocrx_word' id='word_1_386' title='bbox 1979 4390 2470 4466; x_wconf 77' lang='lat' dir='ltr'>nomen-habuit,</span> 
     </span>
    </p>
   </div>
  </div>
 </body>
</html>
