2788 4713
1100 221 1380 326 carm·
1415 260 1524 328 ιι.
2309 274 2425 337 221

154 406 469 497 Cyprum
511 416 579 475 et
612 404 1043 486 Antiochiam,
1083 410 1327 475 nemini
1366 377 1716 498 lo⁴quentes
1750 432 2112 481 sermonem
2159 416 2286 482 nisi
2325 416 2431 483 In-

151 510 345 577 daeis
398 516 665 575 tantum.
785 509 889 575 20.
948 507 1153 575 Erant
1208 518 1420 575 autem
1477 531 1554 595 ex
1602 511 1762 598 ipsis
1820 514 2078 602 quidam
2131 518 2427 585 homines

154 611 407 697 Cyprii
462 618 526 673 et
584 604 949 693 Cyrenaei,
1014 610 1129 697 qui
1181 610 1458 694 ingressi
1507 612 1916 679 Antiochiam
1969 614 2228 703 loquuti
2275 628 2428 687 sunt

154 734 311 779 cum
352 708 639 789 Graecis,
681 712 1139 777 annuntiantes
1176 709 1530 775 Dominum
1571 712 1818 779 Iesum:
1892 716 1996 781 21.
2054 716 2141 783 Et
2193 736 2424 785 manus

157 812 440 879 Domini
482 808 602 875 fuit
644 831 787 875 enm
830 810 982 877 illis.
1061 811 1285 897 Itaque
1326 808 1566 877 multus
1607 834 1932 893 numerus,
1973 837 2170 903 quum
2215 820 2428 887 credi-

164 914 391 989 disset,
434 930 780 977 conversus
806 922 903 977 est
938 908 1020 977 ad
1040 910 1410 978 Dominum.
1495 913 1599 979 22.
1641 914 1946 981 Pervenit
1972 926 2186 983 autem
2211 940 2428 987 sermo

168 1012 259 1079 de
300 1013 453 1099 ipsis
492 1009 575 1077 ad
616 1032 807 1077 aures
848 1010 1203 1090 Ecclesiae,
1244 1032 1412 1098 quae
1453 1012 1957 1100 Hierosolymae
2001 1027 2164 1097 erat,
2207 1028 2273 1083 et
2311 1011 2430 1085 mi-

166 1122 393 1179 serunt
430 1110 831 1191 Barnabam‚
892 1118 967 1177 ut
1032 1114 1335 1177 transiret
1378 1114 1792 1182 Antiochiam
1836 1138 2059 1204 usque.
2141 1118 2245 1185 23.
2290 1119 2430 1207 Qui

168 1236 365 1301 quum
406 1213 690 1279 venisset
734 1234 813 1277 ac
848 1210 1115 1277 vidisset
1157 1213 1420 1303 gratiam
1458 1214 1622 1296 Dei,
1674 1219 1928 1303 gavisus
1976 1228 2100 1297 est,
2167 1231 2233 1286 et
2272 1220 2432 1288 bor-

162 1325 334 1383 tatus
376 1323 473 1380 est
510 1334 770 1391 omnes,
830 1323 902 1378 ut
942 1314 1285 1399 proposito
1342 1315 1562 1382 cordis
1615 1324 1950 1383 manerent
2003 1318 2432 1389 adhaerentes

164 1416 489 1483 Domino=
550 1413 657 1480 24.
711 1412 888 1500 Quia
942 1422 1081 1479 erat
1118 1414 1221 1477 vir
1270 1410 1488 1481 bonus
1531 1425 1598 1481 et
1637 1414 1872 1502 plenus
1915 1416 2163 1507 Spiritu
2201 1433 2430 1490 sancto

165 1528 235 1585 et
274 1514 433 1585 fide.
512 1514 600 1581 Et
642 1514 863 1583 addita
902 1523 1001 1581 est
1040 1510 1234 1579 turba
1262 1514 1477 1581 multa
1514 1514 1824 1585 Domino.

320 1704 417 1766 19.
499 1694 619 1781 θυι·
651 1690 1197 1776 dispersifuermoe.
1270 1694 1450 1757 Nunc
1485 1694 1558 1757 ad
1595 1708 1934 1761 contextum
1973 1699 2296 1783 superioris
2333 1701 2437 1764 hi..

165 1776 385 1839 storiae
442 1772 633 1835 Lucas
692 1770 863 1831 redit.
950 1770 1121 1831 Prius
1160 1770 1317 1836 enim
1358 1772 1668 1855 attigerat,
1707 1788 1846 1856 post
1883 1777 2138 1839 occisum
2177 1779 2433 1861 Stepha-

168 1874 313 1913 num
361 1860 665 1914 crescente
712 1847 1031 1928 impiorum
1077 1848 1309 1909 saevitia
1358 1849 1556 1929 pleros
1603 1872 1676 1911 ue
1725 1864 1886 1913 metu
1947 1855 2252 1933 perculsos
2315 1856 2432 1917 huc

170 1928 315 1991 illuc
354 1928 417 1989 fu
462 1926 478 1943 '
537 1947 605 2000 e,
656 1924 741 1985 ita
792 1936 861 1983 ut
896 1923 1009 1984 soli
1060 1923 1187 1985 fere
1222 1925 1498 2005 Apostoli
1537 1872 1987 2011 flierosolymae
2023 1931 2432 1994 subsisterent.

174 2004 383 2079 Quum
472 2024 547 2065 oc
596 2000 777 2061 modo
827 1999 1145 2061 laceratum
1193 2014 1346 2071 esset
1382 2002 1684 2065 Ecclesiae
1747 2025 1992 2087 corpus,
2054 2020 2116 2068 et
2163 2008 2436 2092 profugis

172 2104 277 2145 sua
326 2081 605 2142 timiditas
644 2075 940 2138 silentium
989 2076 1327 2157 imponeret
1374 2080 1468 2141 vel
1507 2092 1840 2143 exterorum
1882 2096 2288 2166 contemptus,
2335 2106 2436 2146 se·-

174 2170 423 2239 quutum
464 2156 641 2217 fuisse
682 2164 961 2213 eventum
1005 2153 1213 2228 docet,
1262 2176 1440 2235 quem
1489 2157 1730 2219 minime
1770 2159 2073 2241 quisquam
2111 2172 2436 2243 sperassets

218 2232 671 2297 uemadmodum
721 2231 882 2317 enim
937 2230 1231 2321 spargitur
1276 2251 1512 2309 semen,
1564 2246 1632 2294 ut
1675 2235 1932 2295 fructum
1993 2238 2286 2318 proferat,
2350 2239 2438 2300 sio

174 2258 414 2406 illorum
452 2312 590 2393 fuga
632 2320 695 2368 et
732 2305 1109 2400 dissipatione
1151 2306 1371 2368 factum
1403 2327 1566 2396 esse,
1605 2322 1674 2372 ut
1709 2311 2093 2404 {Evangelium
2133 2332 2320 2406 usque
2359 2312 2438 2376 ad

176 2384 2440 2552 ffiffit?{23501532122’532'5131223{iitmjr‘ss'a‘zss{fftzntmsssztffi'azimzz

184 2541 409 2604 Christi
446 2559 663 2600 nomen
700 2548 931 2598 montes
972 2549 1034 2598 et
1071 2557 1249 2597 maria
1289 2549 1584 2598 tranciens
1633 2559 1819 2618 usque
1867 2540 1942 2600 ad
1991 2541 2229 2610 ultimos
2269 2542 2438 2604 orbis

180 2619 331 2680 fines
368 2625 645 2677 manaret.
704 2615 904 2694 Atque
946 2611 1062 2674 boc
1100 2613 1279 2674 modo
1318 2615 1642 2675 secundum
1669 2615 1891 2676 Iesaiae
1910 2616 2248 2678 vaticinium
2285 2639 2440 2679 con·-

179 2693 443 2774 sumptio
484 2690 787 2752 exurndavit
821 2691 887 2752 in
926 2690 1164 2752 iustitia.
1240 2689 1308 2752 Si
1344 2709 1472 2750 non
1501 2690 1722 2771 expulsi
1758 2692 2003 2754 fuissent
2021 2691 2440 2786 Hierosolyma

178 2767 637 2910 astitisti
668 2765 2438 2919 itm.”¹¹¹³{222h‘12250-''31dsra‘it‘?e‘;02¹:2¹⁸⁸‘sszaf::;z

180 2937 378 2988 autem
443 2921 673 2996 effecit,
732 2865 829 2980 ιιι.Ρ
861 2940 931 2981 ex
979 2886 1087 3000 ⁹qui
1132 2919 1329 2980 usdam
1397 2921 1580 2982 aceris
1629 2921 1905 2983 membris
1964 2923 2128 3004 plura
2178 2945 2436 3006 corpora

178 3011 579 3063 nascerentur.
668 2995 845 3058 Unde
898 2997 1054 3059 enim
1106 3008 1167 3057 et
1214 2995 1442 3058 Romae
1492 3009 1554 3060 et
1601 2996 1868 3060 Puteolis
1935 2998 2218 3078 collectae
2267 3012 2436 3061 erant

176 3077 511 3149 Ecclesiae,
560 3073 671 3135 nisi
712 3073 849 3154 quia
887 3073 1058 3154 pauci
1098 3073 1317 3134 exsules
1354 3095 1423 3136 ac
1461 3074 1700 3157 profugi
1741 3074 1886 3136 illuc
1922 3097 2121 3138 seeum
2159 3077 2436 3159 Evange-

180 3154 325 3216 lium
377 3151 734 3215 attulerant?
836 3149 1347 3225 Quemadmodum
1399 3163 1592 3212 autem
1643 3165 1786 3214 tune
1833 3152 2128 3214 Dominus
2177 3153 2434 3216 Satanae

178 3241 424 3293 conatus
462 3225 812 3290 mirabiliter
850 3227 1050 3302 elusit,
1086 3226 1169 3288 ita
1208 3228 1449 3288 minime
1486 3228 1872 3290 dubitandum
1911 3241 2030 3306 est,
2072 3230 2213 3310 quin
2253 3230 2436 3290 bodie

181 3327 255 3368 ex
294 3325 469 3368 cruce
510 3315 571 3366 et
608 3303 1067 3395 persequutione
1103 3303 1217 3365 sibi
1254 3303 1584 3385 triumphos
1619 3306 1696 3366 sit
1734 3303 2026 3382 facturus,
2069 3317 2136 3366 ut
2171 3306 2438 3368 Ecclesia

181 3403 255 3444 ex
289 3381 651 3463 dispersione
687 3379 895 3442 melius
933 3378 1236 3442 coalescat.
1312 3379 1637 3442 Phoenicia
1675 3381 1885 3474 Syriae
1921 3382 2200 3464 contigua
2241 3394 2332 3444 est
2371 3393 2438 3443 et

178 3459 372 3599 gaina
393 3454 707 3549 Galilaeae:
780 3455 1097 3518 Antiochia
1134 3455 1274 3582 urbs
1311 3468 1404 3518 est
1439 3455 1826 3520 celeberrima
1847 3457 2076 3540 Syriae,
2113 3479 2231 3540 qua
2266 3470 2440 3540 parte

290 3556 457 3597 iciam
492 3545 639 3595 attin
686 3545 747 3594 ut.

334 3611 575 3672 Nemini
615 3554 923 3689 effqumus.
1022 3607 1163 3674 Non
1210 3605 1492 3670 obstabat
1535 3607 1696 3672 sorte
1718 3609 1910 3674 ·solus
1999 3611 2440 3694 ersequutionis

182 3699 396 3762 metus,
434 3691 575 3766 quin
617 3687 889 3770 gentibus
910 3704 1148 3768 quoque
1187 3684 1474 3747 auderent
1509 3684 1699 3767 loqui,
1735 3689 1837 3749 sed
1858 3699 1948 3750 stu
1975 3701 2032 3751 ta
2068 3689 2168 3750 illa
2209 3689 2442 3772 religio,

184 3765 352 3846 qnod
394 3763 679 3845 putabant
715 3784 927 3845 panem
966 3761 1223 3824 filiorum
1263 3761 1504 3823 canibus
1541 3763 1782 3844 proiici,
1829 3785 2008 3858 quum
2055 3779 2254 3828 tamen
2291 3785 2440 3846 pro·-

186 3843 409 3904 miscue
446 3839 703 3901 iussisset
742 3841 1007 3902 Christus
1046 3859 1081 3900 a
1120 3839 1554 3902 resurrectione
1591 3860 1694 3902 sua
1743 3851 1858 3905 tota
1905 3842 2128 3904 mundo
2167 3842 2442 3924 Evange-

180 3917 331 3980 lium
368 3917 689 3998 praedicari
728 3917 937 3996 (Marc.
976 3921 1073 3990 16,
1108 3915 1252 3992 15.).

157 4023 166 4030 ·
336 4000 435 4060 20.
512 3992 781 4054 Tandem
817 3993 1003 4054 Lucas
1051 3992 1331 4072 quosdam
1378 4011 1450 4054 ex
1498 3991 1636 4074 ipsis
1682 3991 2018 4056 thesaurum
2056 3992 2215 4053 hunc
2251 4011 2442 4072 usque

184 4069 263 4134 ad
309 4081 522 4154 gentes
572 4069 885 4150 protulisse
922 4079 1135 4128 narrat.
1214 4066 1440 4130 Graeci
1480 4081 1674 4132 autem
1721 4071 1822 4132 isti
1870 4091 1998 4132 non
2017 4069 2276 4138 Ἕλληνες
2303 4089 2444 4130 .vo-

190 4157 401 4210 canmr
437 4169 474 4210 a
509 4145 704 4220 Luca,
748 4146 849 4208 sed
895 4144 1225 4215 ‘maressa
1295 4145 1444 4206 Ideo
1487 4160 1787 4240 exponunt
1823 4147 2022 4222 multi,
2073 4145 2252 4205 fuisse
2301 4141 2442 4206 illos

190 4244 261 4284 ex
298 4220 537 4289 ludaeis
572 4221 810 4303 quidem
847 4220 1166 4297 oriundos,
1204 4221 1307 4286 sed
1346 4219 1634 4284 Graeciae
1669 4223 1932 4300 incolas,
1976 4219 2140 4304 quod
2175 4239 2292 4304 ego
2329 4241 2446 4282 ne-

192 4321 483 4380 quaquam
532 4297 782 4380 recipio.
866 4299 1042 4362 Nam·
1068 4297 1323 4362 Iudaeos
1368 4299 1444 4362 de
1481 4299 1696 4378 quibus
1741 4299 1917 4380 paulo
1968 4309 2108 4358 ante
2153 4297 2446 4374 meminit,

190 4393 377 4457 qaum
412 4377 627 4460 partim
666 4375 873 4462 Cyprii
908 4388 1137 4457 essent,
1181 4393 1422 4444 necesse
1469 4385 1622 4439 esset
1656 4376 1742 4438 in.
1761 4374 1870 4438 illo
1909 4391 2156 4438 namen
2191 4373 2448 4452 censeri.
