2788 4713
394 198 511 292 ³1³¹
910 198 915 209 ²
1196 193 1285 256 m
1320 191 1548 256 ACTA
1583 191 1872 256 arosr.

398 339 651 398 tationes
686 337 969 398 unitatem
1006 347 1204 398 sancte
1243 336 1570 416 coluerant,
1653 359 1782 400 uam
1821 335 2007 412 facilis
2047 338 2164 400 erlt
2185 337 2428 398 Satanae
2449 337 2666 398 aditus

400 415 471 475 ad
512 434 615 475 eos
655 413 1082 489 distrahendus,
1134 411 1341 492 quibus
1378 411 1470 474 vel
1518 357 1741 474 ιιιιῐῗωιι
1777 411 1868 472 rel
1905 415 2182 498 frigidum
2223 423 2309 474 est
2351 412 2664 474 fovendae

401 491 557 572 pacis
590 490 881 550 studium?
940 491 1297 564 Barnabam,
1349 491 1442 552 cui
1481 491 1622 550 nihil
1659 491 1840 572 magis
1875 485 2259 552 honorificum
2302 501 2427 550 erat
2464 511 2662 564 quam

404 587 530 628 esse
552 567 718 627 Pauli
742 567 1035 640 comitem,
1074 578 1138 626 ut
1175 567 1355 626 instar
1392 567 1498 626 filii
1539 587 1673 650 erga
1713 578 1934 648 patrem
1975 589 2038 628 se
2057 577 2312 648 gereret,
2350 578 2468 625 tam
2505 587 2664 646 per-

402 643 673 703 tinaciter
727 661 1003 723 respuere
1059 641 1209 704 illius
1267 643 1602 718 consilium,
1671 655 1918 724 quantae
1953 643 2285 722 ¹superbiae
2344 641 2491 703 suit?
2571 643 2658 701 In

402 719 586 779 Paulo
604 718 849 778 vicissim
886 717 1206 780 humanitas
1245 718 1401 779 forte
1439 741 1471 778 a
1505 718 1844 799 quibusdam
1876 719 2184 779 desiderari
2227 729 2442 798 posset,
2481 719 2654 798 quod

406 795 523 854 fido
566 793 893 854 coadiutori
946 817 1065 856 nou
1117 795 1534 856 condonaverit
1581 795 1697 856 hoc
1737 809 2008 858 erratum.
2087 797 2402 854 Monemur
2439 795 2656 874 itaque

408 871 522 931 boc
562 870 859 950 exemplO,
912 871 1019 931 nisi
1070 873 1281 932 aeriter
1318 872 1531 930 intenti
1569 871 1684 931 sint
1721 873 1871 932 servi
1915 871 2133 932 Christi
2183 873 2253 931 ad
2295 871 2654 946 cavendum,

405 946 613 1006 multas
654 959 854 1028 patere
894 947 1145 1008 Satanae
1186 949 1374 1022 rimas,
1415 947 1620 1026 quibus
1660 949 1729 1008 ad
1771 947 2116 1008 turbandam
2155 947 2309 1006 inter
2349 966 2451 1006 eos
2489 967 2653 1006 con-

406 1023 663 1088 cordiam
706 1023 968 1102 obrepat.
1054 1023 1173 1084 Sed
1215 1024 1327 1084 iam
1367 1045 1534 1084 causa
1574 1025 1692 1104 ipsa
1733 1024 2088 1084 discutienda
2129 1036 2242 1084 est:
2296 1035 2432 1083 sunt
2481 1023 2654 1082 enim

406 1101 508 1184 qui
549 1099 762 1176 dissidii
800 1099 1024 1180 culpam
1077 1099 1258 1160 nimio
1297 1100 1464 1159 Pauli
1513 1101 1698 1183 rigori
1743 1099 2061 1175 ascribant,
2115 1111 2174 1159 et
2211 1101 2398 1180 primo
2439 1099 2655 1158 auditu

404 1174 740 1262 probabiles
778 1188 913 1236 sunt
952 1195 1091 1256 quas
1129 1175 1385 1236 afferunt
1423 1177 1695 1238 rationes.
1770 1175 2055 1236 Reiicitur
2097 1175 2362 1253 Ioannes⁸
2389 1175 2654 1246 Marcus,

408 1253 542 1336 quia
580 1271 641 1312 se
679 1273 711 1311 a
749 1251 915 1312 Pauli
951 1253 1229 1312 comitatu
1266 1250 1642 1313 subduxerat:
1688 1253 1846 1332 atqui
1887 1273 2008 1312 non
2049 1252 2365 1313 desciverat
2395 1273 2425 1310 a
2465 1251 2652 1311 Chri-

406 1345 517 1395 sto.
592 1327 826 1389 Iuvenis
864 1328 933 1387 ad
974 1329 1158 1390 crucis
1195 1328 1566 1388 tolerantiam
1608 1330 1866 1389 nondum
1907 1328 2254 1390 assuefactus
2297 1327 2532 1386 domum
2582 1348 2652 1386 ex

406 1407 616 1469 itinere
667 1423 927 1464 reversus
981 1416 1122 1466 erat.
1234 1405 1440 1464 Aetati·
1486 1406 1736 1466 dandum
1789 1417 1911 1465 erat
1956 1404 2174 1485 aliquid
2226 1403 2457 1464 veniae:
2519 1403 2649 1462 tiro

407 1480 685 1543 molestiis
722 1480 879 1540 inter
916 1479 1077 1542 initia
1113 1481 1527 1555 succubuerat,
1577 1504 1700 1542 non
1739 1493 2050 1562 propterea
2095 1480 2320 1541 futurus
2360 1490 2483 1540 erat
2517 1491 2650 1540 tota

406 1559 527 1619 vita
574 1557 809 1638 ignavus
856 1556 1040 1617 miles.
1138 1557 1260 1618 Iam
1301 1579 1478 1638 quum
1518 1558 1734 1619 reditus
1772 1557 1844 1618 ad
1882 1557 2125 1618 Paulum
2165 1557 2392 1638 insigne
2432 1557 2650 1636 poeni-

408 1634 627 1695 tentiae
675 1634 1071 1694 testimonium
1122 1636 1230 1708 sit,
1278 1634 1514 1694 minime
1562 1633 1873 1694 bumanu'm
1919 1633 2150 1694 videtur
2197 1654 2330 1694 eum
2379 1632 2648 1692 reiicere.

410 1710 581 1771 Indul
630 1711 817 1770 entius
874 1711 1025 1770 enim
1081 1711 1367 1772 tractandi
1424 1722 1588 1786 sunt,
1645 1711 1746 1790 qui
1811 1707 1967 1770 ultro
2021 1730 2241 1790 poenas
2285 1719 2522 1769 sumunt
2573 1709 2648 1768 de

408 1788 525 1848 suis
603 1785 806 1846 elictis.
882 1787 1064 1847 Erant
1101 1787 1275 1847 etiam
1322 1786 1465 1847 aliae
1505 1805 1737 1861 causae,
1783 1806 1930 1866 quae
1975 1785 2223 1847 Paulum
2271 1785 2341 1846 ad
2385 1785 2651 1845 clemen-

392 1865 827 1938 ‚tiamssectere
865 1861 1167 1926 deberent.
1240 1863 1468 1924 Domus
1507 1863 1744 1924 Ioannis
1781 1865 1963 1923 Marci
2002 1861 2235 1923 celebre
2275 1873 2400 1924 erat
2436 1861 2651 1922 Eccle-

410 1941 527 2002 siae
564 1939 911 2020 hospitium,
955 1951 1142 2000 mater
1186 1939 1613 2021 in'gravissima
1652 1941 2105 2020 persequutione
2153 1935 2352 1997 fideles
2401 1957 2648 2017 excepe-

408 2030 529 2078 rat:
579 2037 761 2096 quum
794 2017 1038 2076 saeviret
1076 2013 1343 2076 Herodes
1383 2027 1445 2075 et
1483 2015 1705 2094 fureret
1738 2027 1900 2075 totus
1940 2014 2222 2096 populus,
2274 2015 2392 2074 illic
2438 2013 2648 2073 baberi

410 2093 679 2174 solebant
714 2093 861 2152 sacri
900 2104 1255 2164 conventus,
1303 2104 1369 2150 ut
1419 2105 1587 2152 antea
1638 2091 1837 2151 retulit
1881 2091 2066 2152 Lucas
2115 2090 2313 2227 §supra
2351 2095 2454 2165 12,
2500 2089 2648 2166 12).

416 2169 595 2231 Certe
634 2167 986 2261 parcendum
1026 2180 1143 2228 tam
1182 2179 1410 2229 sanctae
1449 2181 1510 2227 et
1549 2167 1820 2229 cordatae
1860 2167 2085 2228 mulieri
2154 2179 2349 2243 uerat,
2403 2186 2479 2226 ne
2517 2187 2645 2227 earn

410 2245 752 2308 immodicus
791 2245 954 2326 rigor
988 2242 1315 2305 alienareh’
1366 2245 1579 2305 Filium
1619 2243 1858 2326 optabat
1896 2243 2212 2326 Evangelio
2254 2243 2648 2323 praedicando

412 2323 705 2385 addictum
745 2341 896 2382 esse:
949 2343 1106 2383 nunc
1154 2321 1232 2382 ob
1282 2343 1461 2383 unum
1511 2321 1638 2383 leve
1685 2333 1935 2381 erratum
1989 2320 2118 2394 eius,
2152 2341 2391 2401 operam
2429 2319 2647 2399 respui,

457 2412 775 2479 uantopere
816 2398 897 2458 illi
937 2398 1208 2459 acerbum
1248 2418 1371 2461 esse
1411 2396 1642 2480 potuit?
1692 2418 1850 2465 nunc
1885 2396 1987 2457 ubi
2027 2420 2149 2459 non*
2186 2397 2376 2459 solum
2417 2396 2644 2477 culpam

411 2422 761 2557 deprecatur
797 2474 1051 2535 Ioannes
1088 2476 1345 2549 Marcus,
1392 2476 1493 2536 sed
1537 2495 1601 2536 re
1639 2476 1658 2535 i
1701 2496 1761 2535 sa
1798 2474 2068 2557 corrigit,
2111 2476 2436 2553 speciosum
2475 2472 2644 2533 colo-

413 2574 539 2613 rem
586 2552 763 2612 babet
809 2552 1104 2613 Barnabas
1146 2572 1255 2612 ‘cur
1300 2553 1580 2633 ignoscat.
1716 2550 1958 2643 olligere
2008 2562 2200 2609 tamen
2255 2570 2320 2609 ex
2367 2561 2647 2611 contextu

413 2628 571 2706 licet,
652 2628 919 2689 robatum
960 2628 1237 2689 ecclesiae
1276 2630 1449 2691 fuisse
1485 2627 1652 2689 Pauli
1692 2626 2014 2688 consilium.
2090 2627 2352 2708 Proripit
2387 2626 2544 2685 enim
2583 2646 2648 2686 se

412 2651 711 2771 Barnabas
761 2718 821 2764 et
866 2728 998 2765 cum
1045 2727 1150 2769 suo
1204 2708 1422 2767 comite
1468 2704 1528 2765 iu
1569 2704 1830 2797 Cyprum
1880 2705 2006 2765 navi
2051 2716 2133 2763 at:
2197 2704 2438 2763 fratrum
2488 2701 2652 2763 nulla

414 2784 481 2843 fit
519 2783 771 2855 mentio,
809 2781 920 2841 acsi
968 2782 1161 2842 furtim
1201 2782 1310 2845 illis
1348 2780 1670 2842 insalutatis
1707 2778 1936 2840 abisset.
2064 2778 2252 2839 aulum
2293 2790 2486 2839 autem
2527 2779 2652 2839 fra-

414 2871 535 2919 tres
572 2860 689 2921 suis
728 2859 875 2918 votis
915 2859 1326 2919 commendant
1362 2858 1581 2941 gratiae
1617 2857 1762 2917 Dei:
1818 2856 1971 2925 unde
2020 2879 2088 2938 ap
2135 2868 2259 2917 aret
2306 2858 2532 2917 stetisse
2571 2856 2650 2915 ab

418 2936 539 2996 eius
578 2946 740 3015 parte
778 2932 1094 2993 ecclesiam.
1174 2934 1356 3009 Quod
1396 2934 1606 2995 deinde
1641 2934 1911 2993 virtutem
1950 2938 2038 2995 sui
2126 2933 2327 3013 pii-itus
2363 2932 2423 2993 in
2462 2932 2654 3013 bene-

418 3011 667 3071 dicendo
706 3008 889 3069 Paulo
930 3010 1101 3085 Deus·
1131 3012 1357 3085 exserit,
1400 3010 1672 3089 felicique
1753 3009 1925 3071 ratiae
1961 3031 2097 3072 suae
2135 3029 2398 3071 successu
2435 3028 2652 3088 prose-

418 3088 615 3162 quitur
652 3086 777 3147 eius
816 3084 1065 3157 labores,
1102 3087 1426 3147 Barnab-am
1463 3107 1604 3147 vero
1644 3028 1920 3165 refinquit
1957 3086 2118 3169 quasi
2155 3087 2462 3165 sepultum,
2498 3106 2652 3164 pro-

416 3164 614 3227 babile
652 3163 787 3224 inde
828 3174 1232 3243 argumentum
1270 3164 1418 3223 sumi
1457 3175 1684 3243 potest,
1731 3161 1815 3223 illi
1855 3162 2133 3244 placuisse
2178 3164 2296 3221 tale
2334 3163 2652 3223 severitatis

420 3238 739 3322 exemplum
781 3239 893 3297 edi.
988 3240 1065 3299 Et
1104 3251 1262 3299 certe
1300 3238 1479 3322 longe
1517 3241 1743 3321 gravius
1784 3240 1912 3305 erat
1944 3239 2182 3300 Ioannis
2221 3240 2400 3301 Marci
2437 3258 2650 3331 pecca-

419 3330 569 3397 tum,
623 3337 793 3397 quam
832 3315 1007 3397 vulgo
1048 3327 1488 3395 puteturt'non
1538 3317 1834 3378 defecerat
1878 3317 2112 3396 quidem
2165 3330 2206 3375 a
2246 3315 2358 3376 fide
2407 3316 2654 3389 (sinisti,

420 3394 741 3457 vocationis
788 3402 999 3463 tamen·
1033 3412 1167 3453 suae
1216 3392 1480 3453 desertor
1528 3405 1651 3453 erat
1699 3404 1761 3453 et
1803 3405 2078 3473 apostata.
2163 3392 2280 3453 Res
2330 3414 2473 3476 ergo
2528 3403 2654 3458 erat

421 3468 651 3559 pessimi
697 3468 973 3547 exempli,
1014 3470 1059 3529 si
1110 3491 1244 3529 mox
1288 3472 1349 3530 in
1391 3472 1756 3531 vocationem
1808 3470 2016 3531 iterum
2064 3480 2333 3549 receptus
2385 3480 2570 3543 esset,
2619 3490 2652 3529 a

424 3570 539 3628 qua
573 3546 919 3607 desciverat:
971 3545 1074 3606 hac
1114 3545 1243 3630 lege
1280 3570 1439 3609 suam
1481 3567 1714 3625 operam
1759 3546 1993 3607 Christo
2035 3545 2380 3639 devoverat,
2425 3558 2490 3605 ut
2529 3567 2650 3607 am·-

468 3624 569 3685 liu‘s
610 3623 759 3683 liber
798 3643 917 3684 non
959 3636 1132 3699 esset,
1172 3644 1283 3685 nec
1320 3624 1409 3685 sui
1446 3624 1600 3685 iuris.
1660 3624 1860 3683 Nihilo
1900 3622 1984 3682 illi
2023 3622 2204 3703 magis
2245 3621 2410 3683 licuit
2451 3620 2651 3682 fallere

423 3647 534 3763 liae
566 3700 627 3761 ib
666 3710 831 3780 parte
869 3698 1039 3761 fidem
1082 3701 1304 3775 datam,
1356 3722 1524 3781 quam
1579 3699 1746 3759 uxori
1791 3698 2056 3759 maritum
2108 3698 2199 3758 vel
2249 3698 2370 3759 filio
2427 3714 2648 3781 patrem

425 3778 753 3857 relinquere
792 3776 954 3837 licet:
1006 3797 1115 3837 nec
1152 3798 1293 3838 vero
1326 3776 1630 3837 infirmitas
1670 3776 1966 3857 perfidiam
2006 3786 2251 3849 excusat,
2292 3798 2402 3856 qua
2443 3776 2652 3837 violata

423 3857 611 3917 suerat
636 3854 967 3915 >vocationis
1002 3854 1287 3915 sanctitas.
1386 3854 1475 3913 Ac
1514 3852 1837 3915 notandum
1876 3864 1994 3926 est,
2043 3862 2164 3911 non
2245 3873 2438 3913 rorsus
2479 3852 2654 3913 fuisse

421 3933 696 4004 reiectum
736 3952 769 3989 a
808 3930 1021 3991 Paulo:
1067 3930 1255 3990 fratris
1295 3929 1430 3991 loco
1471 3950 1602 3989 eum
1644 3928 1914 4002 habebat,
1951 3928 2128 3987 modo
2168 3952 2204 4007 p
2231 3928 2403 3989 cbeio
2443 3929 2654 3989 ordine

424 4015 732 4070 contentus
783 4018 949 4065 esset.
1023 4006 1119 4066 Ad
1168 4004 1461 4087 publicum
1511 4006 1762 4067 docendi
1812 4027 2020 4063 munus
2068 4006 2374 4065 admittere
2425 4026 2655 4065 recusa-

422 4084 553 4163 bat,
598 4081 754 4144 unde
802 4082 1054 4163 turpiter
1102 4082 1391 4142 exciderat
1435 4103 1538 4143 sua
1589 4081 1773 4161 culpa.
1851 4080 2098 4143 Multum
2153 4093 2342 4143 autem
2393 4083 2658 4155 interest,

466 4159 757 4228 raecisene
795 4170 1061 4219 arceatur
1106 4180 1138 4218 a
1178 4156 1343 4219 venia
1384 4158 1485 4237 qui
1525 4158 1814 4239 peccavit,
1859 4179 1933 4219 an
1985 4158 2068 4219 illi
2115 4170 2336 4219 tautum
2389 4158 2656 4240 publicus

420 4184 612 4301 bonos
652 4247 923 4319 negetur:
967 4256 1295 4317 quanquam
1336 4234 1462 4296 fieri
1501 4246 1698 4314 potest
1735 4247 1801 4294 ut
1837 4232 2074 4295 modum
2113 4247 2358 4315 uterque
2396 4255 2656 4297 excesse-

418 4314 517 4389 rit,
550 4322 623 4428 pt
660 4312 875 4375 bonam
915 4311 1131 4393 alioqui
1170 4332 1396 4379 causam
1436 4330 1607 4395 saepe
1643 4310 1964 4373 accidentia
2002 4312 2222 4375 vitiant.
2279 4308 2468 4373 Recte
2501 4312 2656 4375 Pau·

564 4431 569 4458 ,
2073 4430 2078 4438 .
