2788 4713
262 309 271 324 .
356 216 467 281 188
1118 276 1121 281 ,
1144 207 1237 273 m
1272 205 1502 273 ACTA
1525 206 1828 273 Aros'r.

348 354 545 431 cunda
593 351 887 418 Tabithae
935 351 1053 415 vita
1100 352 1315 417 Filium
1374 374 1548 415 auum
1605 372 1735 417 esse
1783 350 1938 413 vitae
1987 360 2289 421 auctorem
2339 345 2625 415 declarat.

352 434 521 513 Ergo
552 430 639 493 sic
676 431 837 491 Deus
874 448 1198 511 pauperum
1238 442 1301 489 et
1334 421 1636 491 viduarum
1671 428 1967 489 rationem
2007 426 2244 500 habuit,
2276 436 2362 485 tut
2409 444 2626 485 eorum

350 510 453 570 ino
500 510 585 567 iae
632 526 974 566 succurrens
1014 504 1321 589 Evangelii
1366 506 1457 568 sui
1503 506 1680 568 fidem
1727 505 1790 566 in
1843 524 2050 565 eorum
2094 499 2304 565 animis
2343 500 2622 565 sanciret.

350 587 448 647 De
490 586 534 645 it
572 584 729 644 enim
768 583 845 641 in·
869 581 984 641 hoc
1020 582 1301 647 miraculo
1337 602 1428 643 am
1473 580 1588 642 lam
1624 580 1926 662 profectus
1961 580 2280 639 materiam.

504 668 609 724 40..
650 656 869 721 Efeceis
896 656 1371 740 omnibus-form.
1431 600 1633 733 buum
1659 656 1774 717 sibi
1804 669 2034 736 tempus
2065 656 2237 717 sumit
2267 650 2338 713 nd
2369 674 2624 735 precan-

356 738 515 811 dum,
538 735 770 799 videtur
789 733 977 795 adhuc
1000 732 1265 795 dubitare
1287 733 1568 815 quidnam
1593 732 1850 795 futurum
1875 732 1970 791 sit.
2012 730 2213 805 Quum
2232 731 2498 791 Aeneam
2519 750 2624 791 sa·-

354 826 545 888 naret,
580 830 786 873 secure
810 810 871 871 in
894 808 1044 871 hane
1069 830 1273 871 vocem
1296 809 1486 870 statim
1511 809 1805 890 prorupit,
1843 808 2029 869 Sanet
2051 820 2111 868 te
2134 806 2296 868 Iesus
2327 805 2624 882 Christus,

354 894 575 951 Aenea.
640 888 884 960 Verum,
920 898 988 946 ut
1023 886 1287 965 operatio
1322 883 1576 966 Spiritus
1610 906 1733 945 non
1771 906 1878 966 par
1913 895 1975 945 et
2002 885 2206 946 eadem
2239 902 2473 962 semper
2507 894 2628 959 est,

352 966 481 1027 fieri
506 976 703 1047 potest
737 973 804 1022 ut
836 962 1070 1045 cognita
1090 962 1207 1022 Dei
1229 962 1442 1023 virtute
1465 962 1750 1045 gradatim
1783 971 1974 1021 tamen
2007 960 2080 1020 ad
2105 958 2445 1019 miraculum
2466 979 2624 1041 pro-

355 1042 615 1105 cesserit.
686 1038 939 1107 Videtur
959 1049 1157 1099 tamen
1181 1036 1518 1114 absurdum,
1556 1038 1716 1118 quod
1743 1058 1948 1099 omnes
1973 1048 2206 1097 sanctos
2231 1056 2263 1095 e
2290 1034 2624 1096 coenaculo

356 1118 538 1194 eiicit,
564 1137 712 1199 quos
730 1113 1058 1197 praestabat
1078 1114 1342 1175 oculatos
1368 1134 1492 1175 esse
1517 1126 1724 1175 testes:
1763 1114 1866 1174 sed
1889 1112 2023 1195 quia
2041 1111 2333 1172 Dominus
2355 1109 2438 1170 illi
2461 1132 2623 1171 non-

355 1196 493 1256 dum
530 1206 762 1272 tempus
800 1202 863 1251 et
901 1191 1139 1251 modum
1178 1188 1440 1252 edendae
1475 1210 1615 1251 suae
1651 1190 1878 1251 virtutis
1916 1189 2306 1272 patefecerat,
2343 1186 2624 1248 solitudi-

353 1292 493 1333 nem
544 1266 801 1351 quaerit,
861 1286 1009 1347 quae
1064 1266 1136 1326 ad
1187 1266 1548 1349 precandum
1597 1266 1792 1347 aptior
1845 1278 1950 1330 est.
2049 1264 2257 1325 Potuit
2305 1264 2474 1323 etiam
2529 1264 2626 1327 illi

355 1358 624 1409 constare
662 1344 884 1404 diversa
924 1344 1047 1403 eius
1086 1342 1316 1405 consilii
1350 1345 1540 1417 ratio,
1590 1360 1735 1423 quae
1775 1364 1885 1403 nos
1925 1342 2084 1402 latet.
2167 1339 2446 1400 Idem'ah
2483 1340 2624 1399 Eli-

352 1442 492 1485 caeo
534 1421 747 1481 factum
786 1436 909 1480 esse
948 1418 1133 1479 refert
1168 1438 1329 1480 sacra
1360 1418 1604 1481 historia
1641 1419 1749 1495 (ΙΙ.
1769 1418 1916 1501 Reg.
1943 1428 2040 1493 14,
2076 1421 2226 1493 32.)=
2265 1414 2423 1477 solus
2454 1417 2624 1479 enim

355 1520 435 1561 ne
482 1509 665 1559 matre
714 1494 948 1575 quidem
1009 1495 1253 1558 admissa
1311 1507 1408 1557 ter
1471 1495 1715 1577 corpori
1767 1507 2005 1555 mortuo
2033 1492 2315 1561 ,incubat
2413 1492 2628 1555 Habet

356 1573 513 1635 enim
546 1572 799 1653 Spiritus
816 1571 937 1632 -Dei
964 1570 1340 1633 vehementes
1376 1592 1515 1633 suos
1552 1570 1851 1653 impulsuS,
1892 1592 2040 1653 quos
2077 1570 2125 1630 si
2167 1569 2295 1649 quis
2335 1568 2406 1629 ad
2447 1590 2625 1631 com-

354 1670 592 1712 munem
632 1661 694 1709 et
732 1649 1007 1709 usitatum
1042 1648 1347 1710 hominum
1392 1668 1624 1709 morem
1674 1648 1906 1733 exigere
1951 1646 2114 1708 volet
2157 1645 2254 1705 vel
2303 1665 2372 1705 ex
2421 1646 2624 1707 carnis

352 1744 529 1789 sensu
568 1724 794 1797 metirI,
845 1742 1152 1806 perperam
1202 1738 1266 1786 et
1310 1726 1514 1805 inique
1563 1724 1756 1786 faciet.
1840 1726 1976 1784 Hoc
2015 1720 2248 1802 quidem
2287 1720 2625 1783 tenendum

356 1814 471 1869 est:
502 1799 716 1881 'quum
764 1801 979 1863 Petrus
1025 1800 1190 1863 velut
1236 1802 1520 1863 haesitans
1567 1820 1858 1863 secessum
1907 1799 2165 1881 quaerit,
2209 1798 2624 1893 superstitioni

354 1898 669 1945 occurrere
708 1898 784 1939 ne
818 1878 947 1955 quis
976 1876 1097 1938 eius
1129 1877 1328 1938 virtuti
1364 1878 1626 1939 divinum
1660 1899 1697 1939 o
1745 1899 1840 1953 us,
1890 1876 2052 1938 cuius
2089 1887 2313 1935 tantum
2347 1874 2625 1936 minister

354 1969 463 2031 est,
500 1954 765 2017 ascribat.
822 1954 975 2015 Nam
1016 1954 1117 2035 qui
1155 1955 1321 2015 anxie
1356 1952 1599 2019 remotis
1634 1975 1699 2014 ar
1741 1954 1868 2015 itris
1907 1974 1974 2013 ac
2010 1952 2258 2013 testibus
2297 1949 2370 2011 ad
2407 1970 2624 2031 preces

356 2032 537 2095 censu
582 2032 656 2105 it,
692 2030 829 2093 satis
868 2029 1184 2113 profitetur
1220 2050 1344 2091 rem
1384 2050 1510 2091 non
1549 2049 1676 2091 esse
1711 2031 1774 2091 in
1811 2050 1988 2089 manu
2023 2048 2145 2089 sua.
2217 2028 2428 2088 Petrus
2465 2044 2623 2111 ergo

354 2109 499 2192 quid
542 2052 821 2171 ‘bomine
882 2106 1112 2188 placeat
1176 2118 1514 2188 exspectans
1584 2105 1750 2167 illum
1811 2128 1994 2166 unum
2053 2104 2252 2185 operis
2311 2114 2624 2165 auctorem

357 2185 659 2248 confessus
709 2196 813 2245 est.
900 2184 1068 2244 Germ
1116 2187 1253 2243 exio
1302 2184 1363 2241 in
1403 2180 1676 2265 precibus
1729 2180 2073 2242 humilitatis
2122 2178 2451 2261 symbolum
2503 2192 2621 2255 est,

358 2264 523 2325 cuius
570 2260 785 2342 duplex
830 2272 934 2323 est,
960 2260 1051 2319 uti
1082 2262 1217 2335 itas,
1270 2270 1336 2319 ut
1387 2280 1591 2319 omnes
1641 2260 1828 2319 nostri
1873 2268 2068 2339 partes
2117 2258 2188 2317 ad
2225 2257 2343 2317 Dei
2393 2255 2622 2317 cultum

358 2338 746 2420 applicentur,
792 2348 968 2418 atque
1004 2348 1075 2397 ut
1110 2339 1323 2397 mentis
1361 2334 1824 2397 imbecillitatem
1861 2335 2100 2396 adiuvet
2137 2346 2440 2395 externum
2477 2352 2622 2396 cor-

358 2416 520 2498 poris
561 2414 912 2499 exercitipm.
987 2413 1176 2496 Nobis
1216 2425 1412 2474 autem
1451 2414 1685 2494 quoties
1723 2415 1785 2474 in
1821 2433 2016 2496 genua
2037 2409 2492 2502 procumbimus
2527 2410 2622 2471 vi·

363 2493 619 2553 <lendum
662 2503 781 2566 est,
819 2502 887 2551 ut
925 2491 1325 2568 ceremoniae,
1364 2509 1448 2550 ne
1481 2489 1652 2552 fallax
1685 2489 1762 2553 sit
1799 2511 1867 2552 ac
1905 2489 2156 2565 lusoria,
2191 2486 2444 2548 interior
2479 2507 2624 2548 cor-

362 2569 448 2632 dis
485 2568 793 2631 submissio
828 2589 919 2629 res
966 2568 1235 2628 ondeatr·
1268 2589 1277 2600 ·
1352 2611 1359 2619 -

518 2646 837 2706 θοοιυσηω
985 2665 1216 2720 coo-pus.
1294 2643 1434 2706 Hoc
1454 2653 1695 2724 quoque
1731 2642 1951 2704 rationi
1977 2641 2210 2705 videtur
2240 2641 2430 2702 minus
2469 2660 2622 2701 con-

360 2733 739 2797 sentaneum,
800 2721 960 2800 quod
1014 2721 1259 2783 cadaver
1316 2742 1494 2784 sensu
1539 2741 1784 2782 vacuum
1835 2717 2168 2800 compellat.
2245 2717 2470 2777 Verum
2505 2716 2624 2778 ista

363 2799 691 2879 alloquutio
740 2797 813 2858 ad
860 2819 1074 2877 corpus
1122 2798 1480 2871 exanimum,
1537 2819 1655 2858 una
1693 2797 1808 2856 fuit
1855 2817 1989 2876 pars
2044 2793 2482 2868 vehementiae,
2547 2793 2622 2855 ad

406 2895 539 2934 uam
576 2875 817 2932 Petrum
864 2872 1099 2953 impulit
1134 2874 1253 2954 Dei
1292 2873 1565 2954 Spiritus.
1657 2871 1892 2946 Quodsi
2021 2871 2068 2932 is
2116 2872 2406 2932 rationem
2459 2869 2622 2932 desi-

364 2896 561 3022 derat,
616 2949 735 3007 Dei
796 2948 1121 3028 potentiam
1160 2949 1223 3008 in
1270 2949 1614 3010 suscitandis
1649 2949 1896 3010 mortuis
2027 2949 2144 3008 rius
2179 2967 2248 3008 ex
2289 2945 2448 3008 timit
2481 2946 2626 3008 talis

362 3024 651 3106 loquendi
690 3023 912 3099 forma,
958 3044 1129 3103 quam
1170 3026 1219 3086 ni
1256 3025 1319 3085 in
1358 3025 1535 3085 tertia
1613 3023 2187 3099 ersouaffldiceretur,
2281 3043 2460 3104 orpus
2497 3021 2624 3085 hoc

265 3165 272 3186 ·
364 3121 563 3162 rursus
610 3100 902 3160 animetur
950 3111 1015 3160 et
1056 3100 1227 3160 vivat.
1314 3100 1523 3180 Itaque
1603 3100 1854 3162 'zechiel
1904 3107 2029 3176 (37,
2069 3104 2152 3178 4.)
2201 3099 2622 3162 liberationem

366 3176 576 3260 populi
630 3176 738 3237 sub
800 3175 1245 3238 resurrectionis
1304 3188 1332 3238 t
1372 3198 1452 3257 po
1513 3177 1896 3238 adumbrans:
1957 3175 2110 3239 Ossa
2161 3175 2350 3250 arida,
2403 3175 2624 3252 inquit,

363 3253 643 3334 suscipite
682 3251 925 3312 verbum
964 3252 1227 3313 Domini.
1355 3255 1406 3314 't
1443 3253 1710 3314 Christus
1747 3253 1868 3331 (Io.
1905 3261 1977 3327 5,
2012 3254 2148 3331 28)=
2203 3251 2428 3314 Veniet
2461 3264 2626 3312 tem-

364 3353 480 3414 pus.
516 3351 701 3410 quum·
731 3328 949 3389 mortui
1000 3329 1245 3391 audient
1287 3349 1496 3390 vocem
1533 3330 1672 3390 Filii
1709 3329 1846 3391 Dei.
1935 3331 2074 3390 Fuit
2124 3331 2280 3390 enim
2329 3329 2438 3389 ista
2478 3346 2625 3389 vere

369 3405 595 3468 Christi
630 3425 771 3480 vox,
835 3426 985 3486 quae
1031 3427 1141 3488 per
1191 3405 1258 3468 os
1294 3406 1482 3466 Petri·
1510 3406 1714 3468 emissa
1759 3407 2028 3488 spiritum
2077 3405 2336 3467 reddidit
2373 3403 2626 3485 corpori

364 3481 677 3574 Tabitbae3
754 3481 1244 3545 circumstantiae
1294 3502 1448 3564 quae
1497 3494 1825 3564 sequuntur
1871 3484 1952 3546 ad
1993 3482 2258 3545 miraculi
2307 3481 2624 3544 certitudi-

364 3577 505 3620 nem
543 3571 772 3639 posi->tae
810 3570 965 3620 sunt.

518 3642 614 3699 41.
688 3635 763 3693 In
802 3635 927 3694 fine
960 3636 1175 3696 iterum
1211 3635 1432 3718 repetit
1454 3637 1672 3711 Lucas,
1719 3654 1919 3696 eoram
1937 3633 2151 3718 βῶσι
2179 3631 2493 3700 nubemus
2527 3631 2628 3694 di·-

366 3711 631 3788 acipult’ss
704 3711 880 3771 Unde
920 3713 1283 3796 colligimus,
1330 3714 1580 3774 aliorum
1629 3733 1804 3776 causa
1845 3714 2026 3803 magis
2083 3713 2270 3775 fuisse*
2295 3713 2620 3784 excitatam,

370 3811 543 3872 quam
581 3809 700 3850 sua.
775 3788 1038 3850 Fanatici
1078 3789 1347 3870 quidam,
1397 3791 1497 3882 qui
1535 3789 1783 3851 animam
1825 3789 2082 3850 hominis.
2109 3790 2260 3852 nihil
2297 3809 2474 3870 quam
2511 3788 2622 3848 fla·-

366 3879 498 3927 tum
536 3883 663 3926 esse
709 3865 1037 3942 somniant,
1100 3866 1201 3946 qui
1258 3866 1328 3927 ad
1378 3867 1534 3926 diem
1581 3867 1772 3945 usque
1809 3868 2258 3928 resurrectionis
2310 3863 2628 3936 evanescit,

367 3942 568 4006 locum
604 3942 761 4002 hunc
800 3941 1091 4022 arripiunt
1125 3942 1439 4035 probando
1477 3964 1586 4003 suo
1625 3941 1852 4004 delirio.
1933 3945 2267 4020 Quorsum,
2327 3941 2625 4022 inquiunt,

366 4019 657 4082 attinebat
704 4015 995 4081 Tabithae
1048 4039 1326 4093 ammam,
1388 4019 1440 4080 si
1487 4019 1548 4078 in
1589 4020 1818 4080 beatam
1859 4021 2119 4100 quietem
2183 4030 2422 4100 recepta
2471 4027 2626 4086 erat,

368 4097 432 4158 in
498 4095 766 4176 corperis
828 4115 896 4155 er
938 4096 1186 4156 astulam
1246 4096 1546 4172 revocari,
1614 4094 1720 4154 ub'i
1779 4108 1875 4158 tot
1923 4096 2171 4160 miseriis
2221 4091 2626 4161 conflictando

367 4193 548 4255 aegre
582 4172 910 4240 laboraret„
992 4171 1179 4247 Quasi
1212 4192 1363 4232 vero.
1409 4193 1536 4235 nun
1584 4172 1820 4235 licuerit
1857 4171 2030 4248 neb,
2081 4172 2306 4256 gloriae
2343 4189 2480 4234 suae
2517 4169 2622 4228 ha·-

368 4248 517 4308 here
566 4267 663 4308 res
703 4261 899 4311 ectum
946 4262 1067 4310 tam
1115 4249 1176 4307 in
1222 4259 1420 4309 morte
1470 4267 1646 4328 quam
1699 4248 1770 4310 in
1813 4252 1956 4311 vita:
2035 4250 2200 4328 quasi
2263 4250 2442 4310 etiam
2497 4262 2625 4304 non

370 4342 511 4390 vera
550 4325 627 4388 sit
704 4345 809 4391 aec
846 4327 1085 4416 piorum
1120 4323 1371 4390 felicitas
1407 4323 1494 4388 illi
1529 4325 1724 4389 vivere
1762 4339 1826 4388 et
1859 4323 2046 4405 mori,
2081 4325 2204 4388 imo
2241 4325 2412 4408 quasi
2447 4317 2620 4388 Chri-
